timestamp,objectId,id,storeId,discountedSellingPrice,discountPercent,discountAmount,availableQuantity,quantity,lastUpdatedAt,outOfStock,mrp,sellingPrice,isActive,productType,isNewProduct,primaryCategoryName,primarySubcategoryName,uom,pricePerUom,unitOfMeasure,superSaverSellingPrice,primarySubcategoryId,product_id,product_name,product_brand,countryOfOrigin,manufacturerName,manufacturerAddress,ingredients,productVariant_id,productVariant_mrp,productVariant_packsize,productVariant_formattedPacksize,productVariant_unitOfMeasure,productVariant_weightInGms,productVariant_maxAllowedQuantity,productVariant_shelfLifeInHours,productVariant_nutritionalInfo,productVariant_quantity,productVariant_isReplaceable,productVariant_emiEligible,averageRating,totalRatings,nonPassDiscountTier,nonPassTotalDiscount,offerMessage,offerIconPath
12/07/25 17:27:25,8bc60eae-d9f3-4748-b334-9f62eb47a1a5,8bc60eae-d9f3-4748-b334-9f62eb47a1a5,0ed3c6ae-9a69-4458-aac5-b6c3342c8954,13500,10,1500,4,4,2025-07-11T12:10:02.176Z,False,15000,13500,True,SELLABLESKU,False,Cold Drinks & Juices,Milk Drinks,MILLILITRE,5400,MILLILITRE,12700,c5638eba-30c0-4a40-8c63-c9947fd22c16,84c37cb7-bec0-4c8b-898f-bfb2ed2c3d4f,Epigamia Turbo Coffee Protein Milkshake,Epigamia,India,,,,403f785a-8d9a-48de-8dcc-0a2c987409c2,15000,250.0,,MILLILITRE,250,6,180 days,,4,False,False,4.2,138,TIER_2,1500.0,,
12/07/25 17:27:25,6706ad1c-2eeb-472b-93e3-e47bc6e68af9,6706ad1c-2eeb-472b-93e3-e47bc6e68af9,0ed3c6ae-9a69-4458-aac5-b6c3342c8954,29400,30,12600,3,3,2025-07-10T17:00:18.213Z,False,42000,29400,True,SELLABLESKU,False,Cold Drinks & Juices,Fruit Juices & Drinks,MILLILITRE,2400,MILLILITRE,28500,c41e2ad3-2dcc-42b6-829b-7e3a8e78d754,38337cf5-f205-41d2-a730-76d836fcd094,Raw Pressery Tender Coconut Water,Raw Pressery,India,Rakyan Beverages Pvt. Ltd,"Rakyan Beverages Pvt. Ltd, B-12, JWC Logistic Park Pvt. Ltd., National Highway No.17 Palaspe, Panvel, Maharashtra.","Coconut Water (100%), Bio-Preservative (INS 234)",1978295f-e810-467a-962a-302ee6710168,42000,1200.0,1.2 L,MILLILITRE,1200,12,7 months,,3,True,False,4.6,741,TIER_2,12600.0,,
12/07/25 17:27:25,6963cc27-1734-4a3f-a3e0-bab59474ed14,6963cc27-1734-4a3f-a3e0-bab59474ed14,0ed3c6ae-9a69-4458-aac5-b6c3342c8954,27000,9,2900,2,2,2025-07-12T09:47:02.937Z,False,29900,27000,True,SELLABLESKU,False,Cold Drinks & Juices,Vegan Drinks,LITER,2700,LITER,24600,dcfd1067-a597-4ef0-81d6-9a3d1b9a2891,4ec970e8-e93d-4338-b73f-ec865dbf39cc,Alt Co. Almond Milk,Alt Co.,India,Alt Co,,,2f72762b-5215-495c-a9b9-9726b553e7b0,29900,1.0,1 L,LITER,1,6,12 months,,2,True,False,4.2,270,TIER_2,2900.0,,
12/07/25 17:27:25,b5e3d06a-1b8c-58ee-8783-62418f6fff67,b5e3d06a-1b8c-58ee-8783-62418f6fff67,554896ba-1bc3-493a-84c2-8a0ce07c2611,60000,0,0,2,2,2025-07-11T14:01:08.769Z,False,60000,60000,True,SELLABLESKU,False,Cold Drinks & Juices,Instant Drink Mixes,PIECE,60000,PIECE,55100,4d088b94-ba43-4bf0-a881-a573862aa0a1,1cf165c0-3441-4794-b1aa-de4ecc4e4b9e,Good Monk Orange Instant Powder Mix,Good Monk,India,Vital Neutraceuticals Pvt ltd,,,6aa1ee34-9dfb-4722-a5ad-773ab61592ba,60000,1.0,396 g,PIECE,396,6,12 months,,2,True,False,4.4,356,,,,
12/07/25 17:27:25,d72ede7f-fd2b-49da-a6dd-5e3953f9a3b3,d72ede7f-fd2b-49da-a6dd-5e3953f9a3b3,0ed3c6ae-9a69-4458-aac5-b6c3342c8954,13500,10,1500,3,3,2025-07-12T07:45:55.329Z,False,15000,13500,True,SELLABLESKU,False,Cold Drinks & Juices,Milk Drinks,MILLILITRE,5400,MILLILITRE,13300,c5638eba-30c0-4a40-8c63-c9947fd22c16,5bff2f95-169e-4503-a1bc-5e344c4fd228,Epigamia Turbo Cookies and Cream Protein Milkshake,Epigamia,India,,,,b1ca615f-5384-4135-981d-343c46308dcd,15000,250.0,,MILLILITRE,250,6,180 days,,3,False,False,4.5,207,TIER_2,1500.0,,
12/07/25 17:27:25,76288f83-2f17-5272-a1f1-a57b305b55f2,76288f83-2f17-5272-a1f1-a57b305b55f2,0ed3c6ae-9a69-4458-aac5-b6c3342c8954,6600,5,400,1,1,2025-07-11T09:44:53.561Z,False,7000,6600,True,SELLABLESKU,False,Cold Drinks & Juices,Soft Drinks,LITER,660,LITER,6400,dff3658b-c351-4e7f-8196-e98d0c66d99e,f5e2a467-d8d2-4b7a-82b8-6169d19f2fb8,Appy Fizz Apple Soft Drink | Pet,Appy,India,Parle Agro Pvt Ltd,"Parle Agro Pvt Ltd, Plot No; 32 to 46 & 54 to 63, Adakanahalli Industrial Area, Nanjangud taluk, Mysore District - 571302.","Water, Reconstituted Apple Juice, Sugar, CO2, Acidity Regulators, Antioxidant.",f8012f67-d0d8-4323-93ef-5d333bcf9119,7000,1.0,1 L,LITER,1000,12,120 days,per 100 ml of productEnergy (kcal) - 54Carbohydrates (g) - 13.6�Natural Sugar (g) - 1.3�Sugar (g) - 12.3Fat (g) - 0Protein (g) - 0,1,False,False,4.7,4085,TIER_2,400.0,,
12/07/25 17:27:25,26222d2a-87f0-5699-895c-6f3324067aef,26222d2a-87f0-5699-895c-6f3324067aef,0ed3c6ae-9a69-4458-aac5-b6c3342c8954,21700,9,2300,4,4,2025-07-11T14:04:42.579Z,False,24000,21700,True,SELLABLESKU,False,Cold Drinks & Juices,Soda & Mixers,PIECE,1808,PIECE,20400,0df54b3f-11f6-4ada-b38a-9be38ea25eba,3b1cbddc-269d-4f67-9ecb-6e0a0362a714,Bombay Banta Lemon Soda,Bombay Banta,India,Bombay Banta,,,9de9bba5-c982-4521-8f2f-aa0d6cc65e0d,24000,12.0,1 pack (12 pcs),PIECE,3500,6,180 days,,4,True,False,4.3,707,TIER_2,2300.0,,
12/07/25 17:27:25,92b0a880-1836-40a6-833c-737a87c2398c,92b0a880-1836-40a6-833c-737a87c2398c,0ed3c6ae-9a69-4458-aac5-b6c3342c8954,25200,4,1300,2,2,2025-07-03T09:21:52.351Z,False,26500,25200,True,SELLABLESKU,False,Cold Drinks & Juices,Instant Drink Mixes,GRAM,4000,GRAM,24600,4d088b94-ba43-4bf0-a881-a573862aa0a1,e7e9ebca-b521-4c0e-94f5-2fc53815f8a3,Hershey's Caramel Syrup,Hershey's,USA,The Hershey's Company,"Max Inc GI 13, GT Industrial Area, North (Delhi), 110033.","Cane Sugar, Water, Natural and Artificial Flavor, Sodium Benzoate and Potassium Sorbate (preservatives), Citric Acid,�Caramel�Color",47458cc6-6031-47ba-b205-6a9043451aad,26500,623.0,623 g,GRAM,623,12,13 months,,2,True,False,4.8,89,TIER_2,1300.0,,
12/07/25 17:27:25,5abd874d-8749-533b-befb-c545833fcdb4,5abd874d-8749-533b-befb-c545833fcdb4,0ed3c6ae-9a69-4458-aac5-b6c3342c8954,54200,8,5200,3,3,2025-07-02T00:48:30.395Z,False,59400,54200,True,SELLABLESKU,False,Cold Drinks & Juices,Non-Alcoholic & Energy Drink,LITER,5420,LITER,54200,c6bba2b2-6b2d-4bd4-ae3d-adb6f9383393,cb30052e-fafd-4c4c-a608-2daebcd15aef,Coolberg Non Alcoholic Beer | Party Pack,Coolberg,India,Coolberg Beverages Pvt. Ltd,,,e2eb868d-5870-4ea4-a1b4-fc8315ccd7fa,59400,1.98,6 x 330 ml,LITER,1980,6,12 months,,3,True,False,5.0,51,TIER_2,5200.0,,
12/07/25 17:27:25,d8da0b96-f520-48bf-9525-792596495853,d8da0b96-f520-48bf-9525-792596495853,0ed3c6ae-9a69-4458-aac5-b6c3342c8954,26700,10,3200,1,1,2025-07-12T11:36:55.399Z,False,29900,26700,True,SELLABLESKU,False,Cold Drinks & Juices,Vegan Drinks,LITER,2670,LITER,24800,dcfd1067-a597-4ef0-81d6-9a3d1b9a2891,7683b0b6-af05-48a3-aa55-4b40e442f67e,Oatish Oat Milk,Oatish,India,,,,47aeb467-c4d2-4ae3-b246-445bc8b0485e,29900,1.0,1 L,LITER,1000,6,12 months,,1,True,False,4.4,318,TIER_2,3200.0,,
12/07/25 17:27:25,2629e188-2674-5870-bda3-a5b12868e81d,2629e188-2674-5870-bda3-a5b12868e81d,554896ba-1bc3-493a-84c2-8a0ce07c2611,60000,0,0,1,1,2025-05-27T05:33:37.163Z,False,60000,60000,True,SELLABLESKU,False,Cold Drinks & Juices,Instant Drink Mixes,PIECE,60000,PIECE,55100,4d088b94-ba43-4bf0-a881-a573862aa0a1,ac6cce08-bdc3-4a8e-abd9-15116e443516,Good Monk Mixed Berries Instant Powder Mix,Good Monk,India,,,,8ca33985-102e-4aac-b032-4733509a0d10,60000,1.0,396 g,PIECE,396,6,12 months,,1,True,False,4.2,545,,,,
12/07/25 17:27:25,dbe6aecc-11cf-44e3-932f-ded55311236f,dbe6aecc-11cf-44e3-932f-ded55311236f,0ed3c6ae-9a69-4458-aac5-b6c3342c8954,14200,4,700,2,2,2025-07-07T07:42:28.728Z,False,14900,14200,True,SELLABLESKU,False,Cold Drinks & Juices,Instant Drink Mixes,GRAM,39400,GRAM,14200,4d088b94-ba43-4bf0-a881-a573862aa0a1,2b0b8ca5-efd3-4bb2-a5c9-1600dfe275ef,Fast&Up Nightout Instant Hangover Relief Drink,Fast&up,India,,,,0676c7f0-42a1-4057-b928-5b314d5cf05d,14900,36.0,1 pack (4 pcs),GRAM,20,6,24 months,,2,True,False,4.1,69,TIER_2,700.0,,
12/07/25 17:27:25,00c220fd-4adb-527f-bb91-4f9327ca5df1,00c220fd-4adb-527f-bb91-4f9327ca5df1,0ed3c6ae-9a69-4458-aac5-b6c3342c8954,10000,0,0,6,6,2025-07-12T02:05:32.623Z,False,10000,10000,True,SELLABLESKU,False,Cold Drinks & Juices,Fruit Juices & Drinks,LITER,1000,LITER,9600,c41e2ad3-2dcc-42b6-829b-7e3a8e78d754,e880c134-66ab-4b9e-85a4-cfa880755af3,Frooti Mango Drink,Frooti,India,,,,e4578a06-0624-4988-9e64-680698c58557,10000,1.25,10 x 125 ml,LITER,1250,6,180 days,,6,False,False,4.8,1226,,,,
12/07/25 17:27:25,fad5ae25-2eda-5846-842c-d70020fef2d4,fad5ae25-2eda-5846-842c-d70020fef2d4,0ed3c6ae-9a69-4458-aac5-b6c3342c8954,12000,20,3000,1,1,2025-07-11T13:54:26.875Z,False,15000,12000,True,SELLABLESKU,False,Cold Drinks & Juices,Milk Drinks,MILLILITRE,4000,MILLILITRE,11000,c5638eba-30c0-4a40-8c63-c9947fd22c16,d2d92302-ee0d-41ce-9b5e-4f15f8a93d4e,Maiva Pro Vanilla 20g Plant Protein 20 Multivitamin VEGan Shake,Maiva Fresh,India,Armaara Innoventures Pvt. Ltd.,,,e961d29d-dfa4-47c1-b81a-c7188508b75d,15000,300.0,,MILLILITRE,300,6,180 days,,1,False,False,4.5,388,TIER_2,3000.0,,
12/07/25 17:27:25,74418328-1ac2-480e-b9b2-462ac4ca9954,74418328-1ac2-480e-b9b2-462ac4ca9954,0ed3c6ae-9a69-4458-aac5-b6c3342c8954,13500,10,1500,5,5,2025-07-11T10:16:18.044Z,False,15000,13500,True,SELLABLESKU,False,Cold Drinks & Juices,Milk Drinks,MILLILITRE,5400,MILLILITRE,13100,c5638eba-30c0-4a40-8c63-c9947fd22c16,94967248-d3e6-4284-8356-e0f05cf35477,Epigamia Turbo Vanilla and Caramel Protein Milkshake,Epigamia,India,?Drums Food International Private Limited,,,e3d82530-d213-4a84-b68d-a81f8764afa2,15000,250.0,250 ml,MILLILITRE,250,6,180 days,,5,False,False,4.4,238,TIER_2,1500.0,,
12/07/25 17:27:25,c6a712c0-7384-4fc1-a46b-3c1a8ca4cca6,c6a712c0-7384-4fc1-a46b-3c1a8ca4cca6,0ed3c6ae-9a69-4458-aac5-b6c3342c8954,16200,10,1800,4,4,2025-07-10T04:12:37.730Z,False,18000,16200,True,SELLABLESKU,False,Cold Drinks & Juices,Soft Drinks,LITER,810,LITER,15300,dff3658b-c351-4e7f-8196-e98d0c66d99e,9137d726-af4c-4749-978a-95299ff21525,Bombay Banta Assorted Flavoured Soft Drink,Bombay Banta,India,,,,4f645769-2a09-4a6a-8bef-5dc6fd4625cd,18000,2.0,8 x 250 ml,LITER,2000,6,180 days,,4,True,False,4.8,71,TIER_2,1800.0,,
12/07/25 17:27:25,6f8c4ff4-9b9f-5612-8027-2986d564b7fd,6f8c4ff4-9b9f-5612-8027-2986d564b7fd,0ed3c6ae-9a69-4458-aac5-b6c3342c8954,21700,9,2300,3,3,2025-07-11T14:04:50.377Z,False,24000,21700,True,SELLABLESKU,False,Cold Drinks & Juices,Soda & Mixers,PIECE,1808,PIECE,20400,0df54b3f-11f6-4ada-b38a-9be38ea25eba,34fe5b5f-25d2-45a1-a284-af57a0b47a91,Bombay Banta Imli Chaska Soda,Bombay Banta,India,Bombay Banta,,,7f7b7d9c-4f8e-484e-a86c-cfe1deb7bb20,24000,12.0,1 pack (12 pcs),PIECE,3500,6,180 days,,3,True,False,4.2,143,TIER_2,2300.0,,
12/07/25 17:27:25,31db9e03-a710-4fe7-a5c6-1a2df0714a24,31db9e03-a710-4fe7-a5c6-1a2df0714a24,0ed3c6ae-9a69-4458-aac5-b6c3342c8954,28300,8,2700,2,2,2025-07-11T14:00:59.382Z,False,31000,28300,True,SELLABLESKU,False,Cold Drinks & Juices,Non-Alcoholic & Energy Drink,PIECE,28300,PIECE,28200,c6bba2b2-6b2d-4bd4-ae3d-adb6f9383393,cef29fdf-0563-4666-b017-4cdc8b91d851,Fast&Up Reload Zero Sugar Energy Drink for Hydration - Ice Current Flavour,Fast&up,India,AERONUTRIX SPORTS PRODUCTS PVT LTD,,,a882b6ec-f992-435e-946e-aaad037ca556,31000,1.0,1 pack (22 pcs),PIECE,150,6,24 months,,2,True,False,4.6,981,TIER_2,2700.0,,
12/07/25 17:27:25,912d3118-54e0-4fa1-aca8-773503c953bd,912d3118-54e0-4fa1-aca8-773503c953bd,0ed3c6ae-9a69-4458-aac5-b6c3342c8954,28300,12,4200,3,3,2025-07-01T09:19:58.019Z,False,32500,28300,True,SELLABLESKU,False,Cold Drinks & Juices,Vegan Drinks,LITER,2830,LITER,27000,dcfd1067-a597-4ef0-81d6-9a3d1b9a2891,231e4f88-15d8-4eb1-9e34-764e4aad6077,Raw Pressery Almond Milk,Raw Pressery,India,Rakyan Beverages Pvt. Ltd,"Rakyan Beverages Pvt. Ltd, B-12, JWC Logistic Park Pvt. Ltd., National Highway No.17 Palaspe, Panvel, Maharashtra.",,1b1b90cc-ad0a-4f14-81a4-14f22b8b64ac,32500,1.0,1 L,LITER,1000,8,12 months,,3,True,False,4.5,113,TIER_2,4200.0,,
12/07/25 17:27:25,4b668e76-6797-5321-8a14-2a129750e84c,4b668e76-6797-5321-8a14-2a129750e84c,554896ba-1bc3-493a-84c2-8a0ce07c2611,60000,0,0,2,2,2025-07-11T14:00:03.585Z,False,60000,60000,True,SELLABLESKU,False,Cold Drinks & Juices,Instant Drink Mixes,PIECE,60000,PIECE,55100,4d088b94-ba43-4bf0-a881-a573862aa0a1,de9335ec-12d2-412f-acff-9b04b54ca532,Good Monk Pineapple Instant Drink Mix,Good Monk,India,Vital Neutraceuticals Pvt ltd,,,dfc4eae1-4466-47da-837c-ba475bdaae27,60000,1.0,396 g,PIECE,396,6,12 months,,2,True,False,4.2,541,,,,
12/07/25 17:27:25,9426d764-f832-4944-9ab8-48f0cd58e538,9426d764-f832-4944-9ab8-48f0cd58e538,0ed3c6ae-9a69-4458-aac5-b6c3342c8954,1900,5,100,6,6,2025-07-12T02:50:15.960Z,False,2000,1900,True,SELLABLESKU,False,Cold Drinks & Juices,Soft Drinks,MILLILITRE,700,MILLILITRE,1900,dff3658b-c351-4e7f-8196-e98d0c66d99e,adea52e2-48a2-4ebb-a358-868aaa04666d,Bombay Banta Lemon Soda Soft Drink,Bombay Banta,India,,,,3a989903-630f-49ac-b170-7b2c7bc1a2ab,2000,250.0,,MILLILITRE,250,6,6 months,,6,False,False,4.6,876,TIER_2,100.0,,
12/07/25 17:27:25,82ef7e7f-101e-4072-8fd8-24bc51fd6012,82ef7e7f-101e-4072-8fd8-24bc51fd6012,0ed3c6ae-9a69-4458-aac5-b6c3342c8954,11000,4,500,2,2,2025-07-06T10:01:34.174Z,False,11500,11000,True,SELLABLESKU,False,Cold Drinks & Juices,Instant Drink Mixes,GRAM,5500,GRAM,10700,4d088b94-ba43-4bf0-a881-a573862aa0a1,70255ead-049e-4f7b-bd7a-7c7d9b5d6d05,Hershey's Strawberry Syrup,Hershey's,USA,The Hershey's Company,"Hershey India Pvt Ltd, Plot, No 5, New Industrial Area No. 1, Mandideep Dist, Raisen - 462046, Madhya Pradesh.",,decb8a7d-bc15-4aa5-b610-f667e86c97f8,11500,200.0,200 g,GRAM,200,12,13 months,,2,False,False,4.4,174,TIER_2,500.0,,
12/07/25 17:27:25,9f8c76f8-fa44-51b5-a79e-810b65848128,9f8c76f8-fa44-51b5-a79e-810b65848128,0ed3c6ae-9a69-4458-aac5-b6c3342c8954,21700,9,2300,2,2,2025-07-11T13:57:38.596Z,False,24000,21700,True,SELLABLESKU,False,Cold Drinks & Juices,Soda & Mixers,PIECE,1808,PIECE,20400,0df54b3f-11f6-4ada-b38a-9be38ea25eba,94b47ee2-1aa9-454d-95e0-6e0d7efbb6c9,Bombay Banta Kala Khatta Black Currant Soda,Bombay Banta,India,Bombay Banta,,,e71986ee-9129-455c-a887-4e1b057d3480,24000,12.0,1 pack (12 pcs),PIECE,3500,6,180 days,,2,True,False,4.7,773,TIER_2,2300.0,,
12/07/25 17:27:25,ae379082-53cd-4e6c-88bd-022a45c8f930,ae379082-53cd-4e6c-88bd-022a45c8f930,0ed3c6ae-9a69-4458-aac5-b6c3342c8954,27400,7,2100,2,2,2025-07-10T23:30:09.621Z,False,29500,27400,True,SELLABLESKU,False,Cold Drinks & Juices,Non-Alcoholic & Energy Drink,PIECE,1370,PIECE,27400,c6bba2b2-6b2d-4bd4-ae3d-adb6f9383393,e18255d2-bc1e-46a6-a455-2d449f24cb10,Fast&Up Reload Energy Drink Low Sugar Electrolyte - Mojito Flavour,Fast&up,India,Fast&Up,,,24664565-a53a-4c06-b3ec-b41fb8b64639,29500,20.0,1 pack (20 pcs),PIECE,20,6,24 months,,2,True,False,4.2,843,TIER_2,2100.0,,
12/07/25 17:27:25,da9c30f1-40ba-4101-a995-311507f1ebcf,da9c30f1-40ba-4101-a995-311507f1ebcf,0ed3c6ae-9a69-4458-aac5-b6c3342c8954,33100,44,26900,1,1,2025-06-30T19:07:35.688Z,False,60000,33100,True,SELLABLESKU,False,Cold Drinks & Juices,Water,PIECE,5516,PIECE,33100,b783925b-6b57-4750-99f6-01ea5145ec5e,a3ec15c5-a259-487c-9644-5b210a5a8771,Aava Sparkling Water,AAVA,India,,,,0d29a119-9f54-4071-a8b7-116cfac4dfc4,60000,6.0,6 x 500 ml,PIECE,3000,6,180 days,,1,True,False,3.9,52,TIER_2,26900.0,,
12/07/25 17:27:25,1c531bf3-6987-5fee-9e16-626c22280284,1c531bf3-6987-5fee-9e16-626c22280284,0ed3c6ae-9a69-4458-aac5-b6c3342c8954,12000,20,3000,2,2,2025-07-11T13:54:33.826Z,False,15000,12000,True,SELLABLESKU,False,Cold Drinks & Juices,Milk Drinks,MILLILITRE,4000,MILLILITRE,11000,c5638eba-30c0-4a40-8c63-c9947fd22c16,ce773cc3-4d44-4f63-8eed-c5eb19679db8,Maiva Pro Coffee 20g Plant Protein 20 Multivitamin Shake,Maiva Fresh,India,Armaara Innoventures Pvt. Ltd.,,,04a5dce2-b983-425c-8383-3d71f92f3763,15000,300.0,,MILLILITRE,300,6,180 days,,2,False,False,4.6,288,TIER_2,3000.0,,
12/07/25 17:27:25,976b3767-ea50-4883-8a49-78765da1faa6,976b3767-ea50-4883-8a49-78765da1faa6,0ed3c6ae-9a69-4458-aac5-b6c3342c8954,28300,12,4200,3,3,2025-07-04T23:08:28.480Z,False,32500,28300,True,SELLABLESKU,False,Cold Drinks & Juices,Vegan Drinks,LITER,2830,LITER,27000,dcfd1067-a597-4ef0-81d6-9a3d1b9a2891,9d5ee4cc-544f-47b6-9412-f8d01b470d65,Raw Pressery Cocoa Almond Milk,Raw Pressery,India,Rakyan Beverages Pvt. Ltd,"Rakyan Beverages Pvt. Ltd, B-12, JWC Logistic Park Pvt. Ltd., National Highway No.17 Palaspe, Panvel, Maharashtra.","Water, Almond(5%), Fructose, Cacao Nibs(1.55%), Liquid Chocolate(1.55%), Emulsifier (INS 322), Acidity Regulator (INS� 341 (Iii), INS� 332(Ii)), Stabilizer (INS 410, INS 170(I),INS 418) , Stevia",0e2db924-61fa-4ed0-a156-0a1cf73b455a,32500,1.0,1 L,LITER,1000,8,12 months,,3,True,False,4.4,287,TIER_2,4200.0,,
12/07/25 17:27:25,776c0eb1-d8bc-4e31-9458-fe55da297135,776c0eb1-d8bc-4e31-9458-fe55da297135,0ed3c6ae-9a69-4458-aac5-b6c3342c8954,1900,5,100,6,6,2025-07-12T02:50:15.964Z,False,2000,1900,True,SELLABLESKU,False,Cold Drinks & Juices,Soft Drinks,MILLILITRE,700,MILLILITRE,1900,dff3658b-c351-4e7f-8196-e98d0c66d99e,b54a91f2-3ccb-43cf-941e-28001b9b280b,Bombay Banta Imli Jeera Soft Drink,Bombay Banta,India,,,,be528717-fa5a-4c31-a02e-a282e1e8952e,2000,250.0,,MILLILITRE,250,6,6 months,,6,False,False,4.4,768,TIER_2,100.0,,
12/07/25 17:27:25,b382babb-cac1-468b-8233-dd3e9c6686fc,b382babb-cac1-468b-8233-dd3e9c6686fc,0ed3c6ae-9a69-4458-aac5-b6c3342c8954,6100,23,1900,1,1,2025-07-11T14:22:48.765Z,False,8000,6100,True,SELLABLESKU,False,Cold Drinks & Juices,Milk Drinks,MILLILITRE,3300,MILLILITRE,6000,c5638eba-30c0-4a40-8c63-c9947fd22c16,e7e3bea7-3acb-4980-abb5-50f0406a7780,Epigamia Greek Yogurt Blueberry Smoothie,Epigamia,India,Drums Food International Pvt Ltd,"Drums Food International Pvt Ltd, The Centrium, Office No 2 ( Unit 302) , Phoenix Marketcity , LBS Marg, Kurla West, Mumbai 400070.","Greek Yogurt (Pasteurized Double Toned Milk, Milk Solids, Stabilizing Agent (Pectin Ins 440), Permitted Starter Cultures), Processed Blueberry Pulp (Sugar, Blueberry Puree, Water, Stabilizing Agent (Pectin Ins 440), Lemon Juice Concentrate) Total Fruit Content: 3%",52cd9ab1-a85b-41fe-b213-341e3dfd82d6,8000,180.0,180 ml,MILLILITRE,200,12,30 days,,1,False,False,4.7,205,TIER_2,1900.0,,
12/07/25 17:27:25,9f018423-4088-466b-ab3d-b7a1d6f1f342,9f018423-4088-466b-ab3d-b7a1d6f1f342,0ed3c6ae-9a69-4458-aac5-b6c3342c8954,13500,0,0,2,2,2025-07-11T16:14:51.989Z,False,13500,13500,True,SELLABLESKU,False,Cold Drinks & Juices,Instant Drink Mixes,GRAM,12200,GRAM,13000,4d088b94-ba43-4bf0-a881-a573862aa0a1,a0b8811a-46da-4f3d-a436-469ff77115f0,hershey's Chocolate Instant Powder Mix,hershey's,India,Hershey's India,,,9e382434-e4ab-4571-8a8f-30f95b9ac3ee,13500,110.0,,GRAM,110,6,12 months,,2,False,False,4.7,266,,,,
12/07/25 17:27:25,0b5b2d13-f411-452c-8df2-2a9adf7a8cbb,0b5b2d13-f411-452c-8df2-2a9adf7a8cbb,0ed3c6ae-9a69-4458-aac5-b6c3342c8954,27500,6,2000,2,2,2025-06-21T06:10:32.992Z,False,29500,27500,True,SELLABLESKU,False,Cold Drinks & Juices,Non-Alcoholic & Energy Drink,PIECE,1375,PIECE,27400,c6bba2b2-6b2d-4bd4-ae3d-adb6f9383393,9d102185-1fa3-4109-84a0-e2b4067c6fd8,Fast&Up Reload Energy Drink Low Sugar Electrolyte - Berry Flavour,Fast&up,India,Fast&Up,"Fast&Up, Wing-A, Lion Sole Marg, Highland Park, Andheri West, Mumbai, Maharashtra 400102.",,4b659ece-3219-4eb8-9bf9-917c73c64361,29500,20.0,1 pack (20 pcs),PIECE,20,12,24 months,,2,True,False,5.0,65,TIER_2,2000.0,,
12/07/25 17:27:25,d3a60768-84d6-4bff-8855-19171c4a4645,d3a60768-84d6-4bff-8855-19171c4a4645,0ed3c6ae-9a69-4458-aac5-b6c3342c8954,37600,5,2300,2,2,2025-07-10T19:15:48.550Z,False,39900,37600,True,SELLABLESKU,False,Cold Drinks & Juices,Fruit Juices & Drinks,LITER,3760,LITER,32200,c41e2ad3-2dcc-42b6-829b-7e3a8e78d754,dc3358f1-085d-4fa3-bce6-5f603d0dae0a,Raw Pressery Valencia Orange Fruit Juice,Raw Pressery,India,Rakyan Beverages Pvt. Ltd,"Rakyan Beverages Pvt. Ltd, B-12, JWC Logistic Park Pvt. Ltd., National Highway No.17 Palaspe, Panvel, Maharashtra.","ORANGE JUICE(91.8%), ORANGE PULP, CITRUS FIBER, ANTIOXIDANT / VITAMIN C ( INS 300)",64b0ed2d-8512-4b39-b2c1-5c6c50849db6,39900,1.0,1 L,LITER,1000,12,9 months,,2,True,False,4.6,176,TIER_2,2300.0,,
12/07/25 17:32:16,8bc60eae-d9f3-4748-b334-9f62eb47a1a5,8bc60eae-d9f3-4748-b334-9f62eb47a1a5,0ed3c6ae-9a69-4458-aac5-b6c3342c8954,13500,10,1500,4,4,2025-07-11T12:10:02.176Z,False,15000,13500,True,SELLABLESKU,False,Cold Drinks & Juices,Milk Drinks,MILLILITRE,5400,MILLILITRE,12700,c5638eba-30c0-4a40-8c63-c9947fd22c16,84c37cb7-bec0-4c8b-898f-bfb2ed2c3d4f,Epigamia Turbo Coffee Protein Milkshake,Epigamia,India,,,,403f785a-8d9a-48de-8dcc-0a2c987409c2,15000,250.0,,MILLILITRE,250,6,180 days,,4,False,False,4.2,138,TIER_2,1500.0,,
12/07/25 17:32:16,6706ad1c-2eeb-472b-93e3-e47bc6e68af9,6706ad1c-2eeb-472b-93e3-e47bc6e68af9,0ed3c6ae-9a69-4458-aac5-b6c3342c8954,29400,30,12600,3,3,2025-07-10T17:00:18.213Z,False,42000,29400,True,SELLABLESKU,False,Cold Drinks & Juices,Fruit Juices & Drinks,MILLILITRE,2400,MILLILITRE,28500,c41e2ad3-2dcc-42b6-829b-7e3a8e78d754,38337cf5-f205-41d2-a730-76d836fcd094,Raw Pressery Tender Coconut Water,Raw Pressery,India,Rakyan Beverages Pvt. Ltd,"Rakyan Beverages Pvt. Ltd, B-12, JWC Logistic Park Pvt. Ltd., National Highway No.17 Palaspe, Panvel, Maharashtra.","Coconut Water (100%), Bio-Preservative (INS 234)",1978295f-e810-467a-962a-302ee6710168,42000,1200.0,1.2 L,MILLILITRE,1200,12,7 months,,3,True,False,4.6,741,TIER_2,12600.0,,
12/07/25 17:32:16,6963cc27-1734-4a3f-a3e0-bab59474ed14,6963cc27-1734-4a3f-a3e0-bab59474ed14,0ed3c6ae-9a69-4458-aac5-b6c3342c8954,27000,9,2900,2,2,2025-07-12T09:47:02.937Z,False,29900,27000,True,SELLABLESKU,False,Cold Drinks & Juices,Vegan Drinks,LITER,2700,LITER,24600,dcfd1067-a597-4ef0-81d6-9a3d1b9a2891,4ec970e8-e93d-4338-b73f-ec865dbf39cc,Alt Co. Almond Milk,Alt Co.,India,Alt Co,,,2f72762b-5215-495c-a9b9-9726b553e7b0,29900,1.0,1 L,LITER,1,6,12 months,,2,True,False,4.2,270,TIER_2,2900.0,,
12/07/25 17:32:16,b5e3d06a-1b8c-58ee-8783-62418f6fff67,b5e3d06a-1b8c-58ee-8783-62418f6fff67,554896ba-1bc3-493a-84c2-8a0ce07c2611,60000,0,0,2,2,2025-07-11T14:01:08.769Z,False,60000,60000,True,SELLABLESKU,False,Cold Drinks & Juices,Instant Drink Mixes,PIECE,60000,PIECE,55100,4d088b94-ba43-4bf0-a881-a573862aa0a1,1cf165c0-3441-4794-b1aa-de4ecc4e4b9e,Good Monk Orange Instant Powder Mix,Good Monk,India,Vital Neutraceuticals Pvt ltd,,,6aa1ee34-9dfb-4722-a5ad-773ab61592ba,60000,1.0,396 g,PIECE,396,6,12 months,,2,True,False,4.4,356,,,,
12/07/25 17:32:16,d72ede7f-fd2b-49da-a6dd-5e3953f9a3b3,d72ede7f-fd2b-49da-a6dd-5e3953f9a3b3,0ed3c6ae-9a69-4458-aac5-b6c3342c8954,13500,10,1500,3,3,2025-07-12T07:45:55.329Z,False,15000,13500,True,SELLABLESKU,False,Cold Drinks & Juices,Milk Drinks,MILLILITRE,5400,MILLILITRE,13300,c5638eba-30c0-4a40-8c63-c9947fd22c16,5bff2f95-169e-4503-a1bc-5e344c4fd228,Epigamia Turbo Cookies and Cream Protein Milkshake,Epigamia,India,,,,b1ca615f-5384-4135-981d-343c46308dcd,15000,250.0,,MILLILITRE,250,6,180 days,,3,False,False,4.5,207,TIER_2,1500.0,,
12/07/25 17:32:16,76288f83-2f17-5272-a1f1-a57b305b55f2,76288f83-2f17-5272-a1f1-a57b305b55f2,0ed3c6ae-9a69-4458-aac5-b6c3342c8954,6600,5,400,1,1,2025-07-11T09:44:53.561Z,False,7000,6600,True,SELLABLESKU,False,Cold Drinks & Juices,Soft Drinks,LITER,660,LITER,6400,dff3658b-c351-4e7f-8196-e98d0c66d99e,f5e2a467-d8d2-4b7a-82b8-6169d19f2fb8,Appy Fizz Apple Soft Drink | Pet,Appy,India,Parle Agro Pvt Ltd,"Parle Agro Pvt Ltd, Plot No; 32 to 46 & 54 to 63, Adakanahalli Industrial Area, Nanjangud taluk, Mysore District - 571302.","Water, Reconstituted Apple Juice, Sugar, CO2, Acidity Regulators, Antioxidant.",f8012f67-d0d8-4323-93ef-5d333bcf9119,7000,1.0,1 L,LITER,1000,12,120 days,per 100 ml of productEnergy (kcal) - 54Carbohydrates (g) - 13.6�Natural Sugar (g) - 1.3�Sugar (g) - 12.3Fat (g) - 0Protein (g) - 0,1,False,False,4.7,4085,TIER_2,400.0,,
12/07/25 17:32:16,26222d2a-87f0-5699-895c-6f3324067aef,26222d2a-87f0-5699-895c-6f3324067aef,0ed3c6ae-9a69-4458-aac5-b6c3342c8954,21700,9,2300,4,4,2025-07-11T14:04:42.579Z,False,24000,21700,True,SELLABLESKU,False,Cold Drinks & Juices,Soda & Mixers,PIECE,1808,PIECE,20400,0df54b3f-11f6-4ada-b38a-9be38ea25eba,3b1cbddc-269d-4f67-9ecb-6e0a0362a714,Bombay Banta Lemon Soda,Bombay Banta,India,Bombay Banta,,,9de9bba5-c982-4521-8f2f-aa0d6cc65e0d,24000,12.0,1 pack (12 pcs),PIECE,3500,6,180 days,,4,True,False,4.3,707,TIER_2,2300.0,,
12/07/25 17:32:16,92b0a880-1836-40a6-833c-737a87c2398c,92b0a880-1836-40a6-833c-737a87c2398c,0ed3c6ae-9a69-4458-aac5-b6c3342c8954,25200,4,1300,2,2,2025-07-03T09:21:52.351Z,False,26500,25200,True,SELLABLESKU,False,Cold Drinks & Juices,Instant Drink Mixes,GRAM,4000,GRAM,24600,4d088b94-ba43-4bf0-a881-a573862aa0a1,e7e9ebca-b521-4c0e-94f5-2fc53815f8a3,Hershey's Caramel Syrup,Hershey's,USA,The Hershey's Company,"Max Inc GI 13, GT Industrial Area, North (Delhi), 110033.","Cane Sugar, Water, Natural and Artificial Flavor, Sodium Benzoate and Potassium Sorbate (preservatives), Citric Acid,�Caramel�Color",47458cc6-6031-47ba-b205-6a9043451aad,26500,623.0,623 g,GRAM,623,12,13 months,,2,True,False,4.8,89,TIER_2,1300.0,,
12/07/25 17:32:16,5abd874d-8749-533b-befb-c545833fcdb4,5abd874d-8749-533b-befb-c545833fcdb4,0ed3c6ae-9a69-4458-aac5-b6c3342c8954,54200,8,5200,3,3,2025-07-02T00:48:30.395Z,False,59400,54200,True,SELLABLESKU,False,Cold Drinks & Juices,Non-Alcoholic & Energy Drink,LITER,5420,LITER,54200,c6bba2b2-6b2d-4bd4-ae3d-adb6f9383393,cb30052e-fafd-4c4c-a608-2daebcd15aef,Coolberg Non Alcoholic Beer | Party Pack,Coolberg,India,Coolberg Beverages Pvt. Ltd,,,e2eb868d-5870-4ea4-a1b4-fc8315ccd7fa,59400,1.98,6 x 330 ml,LITER,1980,6,12 months,,3,True,False,5.0,51,TIER_2,5200.0,,
12/07/25 17:32:16,d8da0b96-f520-48bf-9525-792596495853,d8da0b96-f520-48bf-9525-792596495853,0ed3c6ae-9a69-4458-aac5-b6c3342c8954,26700,10,3200,1,1,2025-07-12T11:36:55.399Z,False,29900,26700,True,SELLABLESKU,False,Cold Drinks & Juices,Vegan Drinks,LITER,2670,LITER,24800,dcfd1067-a597-4ef0-81d6-9a3d1b9a2891,7683b0b6-af05-48a3-aa55-4b40e442f67e,Oatish Oat Milk,Oatish,India,,,,47aeb467-c4d2-4ae3-b246-445bc8b0485e,29900,1.0,1 L,LITER,1000,6,12 months,,1,True,False,4.4,318,TIER_2,3200.0,,
12/07/25 17:32:16,2629e188-2674-5870-bda3-a5b12868e81d,2629e188-2674-5870-bda3-a5b12868e81d,554896ba-1bc3-493a-84c2-8a0ce07c2611,60000,0,0,1,1,2025-05-27T05:33:37.163Z,False,60000,60000,True,SELLABLESKU,False,Cold Drinks & Juices,Instant Drink Mixes,PIECE,60000,PIECE,55100,4d088b94-ba43-4bf0-a881-a573862aa0a1,ac6cce08-bdc3-4a8e-abd9-15116e443516,Good Monk Mixed Berries Instant Powder Mix,Good Monk,India,,,,8ca33985-102e-4aac-b032-4733509a0d10,60000,1.0,396 g,PIECE,396,6,12 months,,1,True,False,4.2,545,,,,
12/07/25 17:32:16,dbe6aecc-11cf-44e3-932f-ded55311236f,dbe6aecc-11cf-44e3-932f-ded55311236f,0ed3c6ae-9a69-4458-aac5-b6c3342c8954,14200,4,700,2,2,2025-07-07T07:42:28.728Z,False,14900,14200,True,SELLABLESKU,False,Cold Drinks & Juices,Instant Drink Mixes,GRAM,39400,GRAM,14200,4d088b94-ba43-4bf0-a881-a573862aa0a1,2b0b8ca5-efd3-4bb2-a5c9-1600dfe275ef,Fast&Up Nightout Instant Hangover Relief Drink,Fast&up,India,,,,0676c7f0-42a1-4057-b928-5b314d5cf05d,14900,36.0,1 pack (4 pcs),GRAM,20,6,24 months,,2,True,False,4.1,69,TIER_2,700.0,,
12/07/25 17:32:16,00c220fd-4adb-527f-bb91-4f9327ca5df1,00c220fd-4adb-527f-bb91-4f9327ca5df1,0ed3c6ae-9a69-4458-aac5-b6c3342c8954,10000,0,0,6,6,2025-07-12T02:05:32.623Z,False,10000,10000,True,SELLABLESKU,False,Cold Drinks & Juices,Fruit Juices & Drinks,LITER,1000,LITER,9600,c41e2ad3-2dcc-42b6-829b-7e3a8e78d754,e880c134-66ab-4b9e-85a4-cfa880755af3,Frooti Mango Drink,Frooti,India,,,,e4578a06-0624-4988-9e64-680698c58557,10000,1.25,10 x 125 ml,LITER,1250,6,180 days,,6,False,False,4.8,1226,,,,
12/07/25 17:32:16,fad5ae25-2eda-5846-842c-d70020fef2d4,fad5ae25-2eda-5846-842c-d70020fef2d4,0ed3c6ae-9a69-4458-aac5-b6c3342c8954,12000,20,3000,1,1,2025-07-11T13:54:26.875Z,False,15000,12000,True,SELLABLESKU,False,Cold Drinks & Juices,Milk Drinks,MILLILITRE,4000,MILLILITRE,11000,c5638eba-30c0-4a40-8c63-c9947fd22c16,d2d92302-ee0d-41ce-9b5e-4f15f8a93d4e,Maiva Pro Vanilla 20g Plant Protein 20 Multivitamin VEGan Shake,Maiva Fresh,India,Armaara Innoventures Pvt. Ltd.,,,e961d29d-dfa4-47c1-b81a-c7188508b75d,15000,300.0,,MILLILITRE,300,6,180 days,,1,False,False,4.5,388,TIER_2,3000.0,,
12/07/25 17:32:16,74418328-1ac2-480e-b9b2-462ac4ca9954,74418328-1ac2-480e-b9b2-462ac4ca9954,0ed3c6ae-9a69-4458-aac5-b6c3342c8954,13500,10,1500,5,5,2025-07-11T10:16:18.044Z,False,15000,13500,True,SELLABLESKU,False,Cold Drinks & Juices,Milk Drinks,MILLILITRE,5400,MILLILITRE,13100,c5638eba-30c0-4a40-8c63-c9947fd22c16,94967248-d3e6-4284-8356-e0f05cf35477,Epigamia Turbo Vanilla and Caramel Protein Milkshake,Epigamia,India,?Drums Food International Private Limited,,,e3d82530-d213-4a84-b68d-a81f8764afa2,15000,250.0,250 ml,MILLILITRE,250,6,180 days,,5,False,False,4.4,238,TIER_2,1500.0,,
12/07/25 17:32:16,c6a712c0-7384-4fc1-a46b-3c1a8ca4cca6,c6a712c0-7384-4fc1-a46b-3c1a8ca4cca6,0ed3c6ae-9a69-4458-aac5-b6c3342c8954,16200,10,1800,4,4,2025-07-10T04:12:37.730Z,False,18000,16200,True,SELLABLESKU,False,Cold Drinks & Juices,Soft Drinks,LITER,810,LITER,15300,dff3658b-c351-4e7f-8196-e98d0c66d99e,9137d726-af4c-4749-978a-95299ff21525,Bombay Banta Assorted Flavoured Soft Drink,Bombay Banta,India,,,,4f645769-2a09-4a6a-8bef-5dc6fd4625cd,18000,2.0,8 x 250 ml,LITER,2000,6,180 days,,4,True,False,4.8,71,TIER_2,1800.0,,
12/07/25 17:32:16,6f8c4ff4-9b9f-5612-8027-2986d564b7fd,6f8c4ff4-9b9f-5612-8027-2986d564b7fd,0ed3c6ae-9a69-4458-aac5-b6c3342c8954,21700,9,2300,3,3,2025-07-11T14:04:50.377Z,False,24000,21700,True,SELLABLESKU,False,Cold Drinks & Juices,Soda & Mixers,PIECE,1808,PIECE,20400,0df54b3f-11f6-4ada-b38a-9be38ea25eba,34fe5b5f-25d2-45a1-a284-af57a0b47a91,Bombay Banta Imli Chaska Soda,Bombay Banta,India,Bombay Banta,,,7f7b7d9c-4f8e-484e-a86c-cfe1deb7bb20,24000,12.0,1 pack (12 pcs),PIECE,3500,6,180 days,,3,True,False,4.2,143,TIER_2,2300.0,,
12/07/25 17:32:16,31db9e03-a710-4fe7-a5c6-1a2df0714a24,31db9e03-a710-4fe7-a5c6-1a2df0714a24,0ed3c6ae-9a69-4458-aac5-b6c3342c8954,28300,8,2700,2,2,2025-07-11T14:00:59.382Z,False,31000,28300,True,SELLABLESKU,False,Cold Drinks & Juices,Non-Alcoholic & Energy Drink,PIECE,28300,PIECE,28200,c6bba2b2-6b2d-4bd4-ae3d-adb6f9383393,cef29fdf-0563-4666-b017-4cdc8b91d851,Fast&Up Reload Zero Sugar Energy Drink for Hydration - Ice Current Flavour,Fast&up,India,AERONUTRIX SPORTS PRODUCTS PVT LTD,,,a882b6ec-f992-435e-946e-aaad037ca556,31000,1.0,1 pack (22 pcs),PIECE,150,6,24 months,,2,True,False,4.6,981,TIER_2,2700.0,,
12/07/25 17:32:16,912d3118-54e0-4fa1-aca8-773503c953bd,912d3118-54e0-4fa1-aca8-773503c953bd,0ed3c6ae-9a69-4458-aac5-b6c3342c8954,28300,12,4200,3,3,2025-07-01T09:19:58.019Z,False,32500,28300,True,SELLABLESKU,False,Cold Drinks & Juices,Vegan Drinks,LITER,2830,LITER,27000,dcfd1067-a597-4ef0-81d6-9a3d1b9a2891,231e4f88-15d8-4eb1-9e34-764e4aad6077,Raw Pressery Almond Milk,Raw Pressery,India,Rakyan Beverages Pvt. Ltd,"Rakyan Beverages Pvt. Ltd, B-12, JWC Logistic Park Pvt. Ltd., National Highway No.17 Palaspe, Panvel, Maharashtra.",,1b1b90cc-ad0a-4f14-81a4-14f22b8b64ac,32500,1.0,1 L,LITER,1000,8,12 months,,3,True,False,4.5,113,TIER_2,4200.0,,
12/07/25 17:32:16,4b668e76-6797-5321-8a14-2a129750e84c,4b668e76-6797-5321-8a14-2a129750e84c,554896ba-1bc3-493a-84c2-8a0ce07c2611,60000,0,0,2,2,2025-07-11T14:00:03.585Z,False,60000,60000,True,SELLABLESKU,False,Cold Drinks & Juices,Instant Drink Mixes,PIECE,60000,PIECE,55100,4d088b94-ba43-4bf0-a881-a573862aa0a1,de9335ec-12d2-412f-acff-9b04b54ca532,Good Monk Pineapple Instant Drink Mix,Good Monk,India,Vital Neutraceuticals Pvt ltd,,,dfc4eae1-4466-47da-837c-ba475bdaae27,60000,1.0,396 g,PIECE,396,6,12 months,,2,True,False,4.2,541,,,,
12/07/25 17:32:16,9426d764-f832-4944-9ab8-48f0cd58e538,9426d764-f832-4944-9ab8-48f0cd58e538,0ed3c6ae-9a69-4458-aac5-b6c3342c8954,1900,5,100,6,6,2025-07-12T02:50:15.960Z,False,2000,1900,True,SELLABLESKU,False,Cold Drinks & Juices,Soft Drinks,MILLILITRE,700,MILLILITRE,1900,dff3658b-c351-4e7f-8196-e98d0c66d99e,adea52e2-48a2-4ebb-a358-868aaa04666d,Bombay Banta Lemon Soda Soft Drink,Bombay Banta,India,,,,3a989903-630f-49ac-b170-7b2c7bc1a2ab,2000,250.0,,MILLILITRE,250,6,6 months,,6,False,False,4.6,876,TIER_2,100.0,,
12/07/25 17:32:16,82ef7e7f-101e-4072-8fd8-24bc51fd6012,82ef7e7f-101e-4072-8fd8-24bc51fd6012,0ed3c6ae-9a69-4458-aac5-b6c3342c8954,11000,4,500,2,2,2025-07-06T10:01:34.174Z,False,11500,11000,True,SELLABLESKU,False,Cold Drinks & Juices,Instant Drink Mixes,GRAM,5500,GRAM,10700,4d088b94-ba43-4bf0-a881-a573862aa0a1,70255ead-049e-4f7b-bd7a-7c7d9b5d6d05,Hershey's Strawberry Syrup,Hershey's,USA,The Hershey's Company,"Hershey India Pvt Ltd, Plot, No 5, New Industrial Area No. 1, Mandideep Dist, Raisen - 462046, Madhya Pradesh.",,decb8a7d-bc15-4aa5-b610-f667e86c97f8,11500,200.0,200 g,GRAM,200,12,13 months,,2,False,False,4.4,174,TIER_2,500.0,,
12/07/25 17:32:16,9f8c76f8-fa44-51b5-a79e-810b65848128,9f8c76f8-fa44-51b5-a79e-810b65848128,0ed3c6ae-9a69-4458-aac5-b6c3342c8954,21700,9,2300,2,2,2025-07-11T13:57:38.596Z,False,24000,21700,True,SELLABLESKU,False,Cold Drinks & Juices,Soda & Mixers,PIECE,1808,PIECE,20400,0df54b3f-11f6-4ada-b38a-9be38ea25eba,94b47ee2-1aa9-454d-95e0-6e0d7efbb6c9,Bombay Banta Kala Khatta Black Currant Soda,Bombay Banta,India,Bombay Banta,,,e71986ee-9129-455c-a887-4e1b057d3480,24000,12.0,1 pack (12 pcs),PIECE,3500,6,180 days,,2,True,False,4.7,773,TIER_2,2300.0,,
12/07/25 17:32:16,ae379082-53cd-4e6c-88bd-022a45c8f930,ae379082-53cd-4e6c-88bd-022a45c8f930,0ed3c6ae-9a69-4458-aac5-b6c3342c8954,27400,7,2100,2,2,2025-07-10T23:30:09.621Z,False,29500,27400,True,SELLABLESKU,False,Cold Drinks & Juices,Non-Alcoholic & Energy Drink,PIECE,1370,PIECE,27400,c6bba2b2-6b2d-4bd4-ae3d-adb6f9383393,e18255d2-bc1e-46a6-a455-2d449f24cb10,Fast&Up Reload Energy Drink Low Sugar Electrolyte - Mojito Flavour,Fast&up,India,Fast&Up,,,24664565-a53a-4c06-b3ec-b41fb8b64639,29500,20.0,1 pack (20 pcs),PIECE,20,6,24 months,,2,True,False,4.2,843,TIER_2,2100.0,,
12/07/25 17:32:16,da9c30f1-40ba-4101-a995-311507f1ebcf,da9c30f1-40ba-4101-a995-311507f1ebcf,0ed3c6ae-9a69-4458-aac5-b6c3342c8954,33100,44,26900,1,1,2025-06-30T19:07:35.688Z,False,60000,33100,True,SELLABLESKU,False,Cold Drinks & Juices,Water,PIECE,5516,PIECE,33100,b783925b-6b57-4750-99f6-01ea5145ec5e,a3ec15c5-a259-487c-9644-5b210a5a8771,Aava Sparkling Water,AAVA,India,,,,0d29a119-9f54-4071-a8b7-116cfac4dfc4,60000,6.0,6 x 500 ml,PIECE,3000,6,180 days,,1,True,False,3.9,52,TIER_2,26900.0,,
12/07/25 17:32:16,1c531bf3-6987-5fee-9e16-626c22280284,1c531bf3-6987-5fee-9e16-626c22280284,0ed3c6ae-9a69-4458-aac5-b6c3342c8954,12000,20,3000,2,2,2025-07-11T13:54:33.826Z,False,15000,12000,True,SELLABLESKU,False,Cold Drinks & Juices,Milk Drinks,MILLILITRE,4000,MILLILITRE,11000,c5638eba-30c0-4a40-8c63-c9947fd22c16,ce773cc3-4d44-4f63-8eed-c5eb19679db8,Maiva Pro Coffee 20g Plant Protein 20 Multivitamin Shake,Maiva Fresh,India,Armaara Innoventures Pvt. Ltd.,,,04a5dce2-b983-425c-8383-3d71f92f3763,15000,300.0,,MILLILITRE,300,6,180 days,,2,False,False,4.6,288,TIER_2,3000.0,,
12/07/25 17:32:16,976b3767-ea50-4883-8a49-78765da1faa6,976b3767-ea50-4883-8a49-78765da1faa6,0ed3c6ae-9a69-4458-aac5-b6c3342c8954,28300,12,4200,3,3,2025-07-04T23:08:28.480Z,False,32500,28300,True,SELLABLESKU,False,Cold Drinks & Juices,Vegan Drinks,LITER,2830,LITER,27000,dcfd1067-a597-4ef0-81d6-9a3d1b9a2891,9d5ee4cc-544f-47b6-9412-f8d01b470d65,Raw Pressery Cocoa Almond Milk,Raw Pressery,India,Rakyan Beverages Pvt. Ltd,"Rakyan Beverages Pvt. Ltd, B-12, JWC Logistic Park Pvt. Ltd., National Highway No.17 Palaspe, Panvel, Maharashtra.","Water, Almond(5%), Fructose, Cacao Nibs(1.55%), Liquid Chocolate(1.55%), Emulsifier (INS 322), Acidity Regulator (INS� 341 (Iii), INS� 332(Ii)), Stabilizer (INS 410, INS 170(I),INS 418) , Stevia",0e2db924-61fa-4ed0-a156-0a1cf73b455a,32500,1.0,1 L,LITER,1000,8,12 months,,3,True,False,4.4,287,TIER_2,4200.0,,
12/07/25 17:32:16,776c0eb1-d8bc-4e31-9458-fe55da297135,776c0eb1-d8bc-4e31-9458-fe55da297135,0ed3c6ae-9a69-4458-aac5-b6c3342c8954,1900,5,100,6,6,2025-07-12T02:50:15.964Z,False,2000,1900,True,SELLABLESKU,False,Cold Drinks & Juices,Soft Drinks,MILLILITRE,700,MILLILITRE,1900,dff3658b-c351-4e7f-8196-e98d0c66d99e,b54a91f2-3ccb-43cf-941e-28001b9b280b,Bombay Banta Imli Jeera Soft Drink,Bombay Banta,India,,,,be528717-fa5a-4c31-a02e-a282e1e8952e,2000,250.0,,MILLILITRE,250,6,6 months,,6,False,False,4.4,768,TIER_2,100.0,,
12/07/25 17:32:16,b382babb-cac1-468b-8233-dd3e9c6686fc,b382babb-cac1-468b-8233-dd3e9c6686fc,0ed3c6ae-9a69-4458-aac5-b6c3342c8954,6100,23,1900,1,1,2025-07-11T14:22:48.765Z,False,8000,6100,True,SELLABLESKU,False,Cold Drinks & Juices,Milk Drinks,MILLILITRE,3300,MILLILITRE,6000,c5638eba-30c0-4a40-8c63-c9947fd22c16,e7e3bea7-3acb-4980-abb5-50f0406a7780,Epigamia Greek Yogurt Blueberry Smoothie,Epigamia,India,Drums Food International Pvt Ltd,"Drums Food International Pvt Ltd, The Centrium, Office No 2 ( Unit 302) , Phoenix Marketcity , LBS Marg, Kurla West, Mumbai 400070.","Greek Yogurt (Pasteurized Double Toned Milk, Milk Solids, Stabilizing Agent (Pectin Ins 440), Permitted Starter Cultures), Processed Blueberry Pulp (Sugar, Blueberry Puree, Water, Stabilizing Agent (Pectin Ins 440), Lemon Juice Concentrate) Total Fruit Content: 3%",52cd9ab1-a85b-41fe-b213-341e3dfd82d6,8000,180.0,180 ml,MILLILITRE,200,12,30 days,,1,False,False,4.7,205,TIER_2,1900.0,,
12/07/25 17:32:16,9f018423-4088-466b-ab3d-b7a1d6f1f342,9f018423-4088-466b-ab3d-b7a1d6f1f342,0ed3c6ae-9a69-4458-aac5-b6c3342c8954,13500,0,0,2,2,2025-07-11T16:14:51.989Z,False,13500,13500,True,SELLABLESKU,False,Cold Drinks & Juices,Instant Drink Mixes,GRAM,12200,GRAM,13000,4d088b94-ba43-4bf0-a881-a573862aa0a1,a0b8811a-46da-4f3d-a436-469ff77115f0,hershey's Chocolate Instant Powder Mix,hershey's,India,Hershey's India,,,9e382434-e4ab-4571-8a8f-30f95b9ac3ee,13500,110.0,,GRAM,110,6,12 months,,2,False,False,4.7,266,,,,
12/07/25 17:32:16,0b5b2d13-f411-452c-8df2-2a9adf7a8cbb,0b5b2d13-f411-452c-8df2-2a9adf7a8cbb,0ed3c6ae-9a69-4458-aac5-b6c3342c8954,27500,6,2000,2,2,2025-06-21T06:10:32.992Z,False,29500,27500,True,SELLABLESKU,False,Cold Drinks & Juices,Non-Alcoholic & Energy Drink,PIECE,1375,PIECE,27400,c6bba2b2-6b2d-4bd4-ae3d-adb6f9383393,9d102185-1fa3-4109-84a0-e2b4067c6fd8,Fast&Up Reload Energy Drink Low Sugar Electrolyte - Berry Flavour,Fast&up,India,Fast&Up,"Fast&Up, Wing-A, Lion Sole Marg, Highland Park, Andheri West, Mumbai, Maharashtra 400102.",,4b659ece-3219-4eb8-9bf9-917c73c64361,29500,20.0,1 pack (20 pcs),PIECE,20,12,24 months,,2,True,False,5.0,65,TIER_2,2000.0,,
12/07/25 17:32:16,d3a60768-84d6-4bff-8855-19171c4a4645,d3a60768-84d6-4bff-8855-19171c4a4645,0ed3c6ae-9a69-4458-aac5-b6c3342c8954,37600,5,2300,2,2,2025-07-10T19:15:48.550Z,False,39900,37600,True,SELLABLESKU,False,Cold Drinks & Juices,Fruit Juices & Drinks,LITER,3760,LITER,32200,c41e2ad3-2dcc-42b6-829b-7e3a8e78d754,dc3358f1-085d-4fa3-bce6-5f603d0dae0a,Raw Pressery Valencia Orange Fruit Juice,Raw Pressery,India,Rakyan Beverages Pvt. Ltd,"Rakyan Beverages Pvt. Ltd, B-12, JWC Logistic Park Pvt. Ltd., National Highway No.17 Palaspe, Panvel, Maharashtra.","ORANGE JUICE(91.8%), ORANGE PULP, CITRUS FIBER, ANTIOXIDANT / VITAMIN C ( INS 300)",64b0ed2d-8512-4b39-b2c1-5c6c50849db6,39900,1.0,1 L,LITER,1000,12,9 months,,2,True,False,4.6,176,TIER_2,2300.0,,
12/07/25 17:44:59,8bc60eae-d9f3-4748-b334-9f62eb47a1a5,8bc60eae-d9f3-4748-b334-9f62eb47a1a5,0ed3c6ae-9a69-4458-aac5-b6c3342c8954,13500,10,1500,4,4,2025-07-11T12:10:02.176Z,False,15000,13500,True,SELLABLESKU,False,Cold Drinks & Juices,Milk Drinks,MILLILITRE,5400,MILLILITRE,12700,c5638eba-30c0-4a40-8c63-c9947fd22c16,84c37cb7-bec0-4c8b-898f-bfb2ed2c3d4f,Epigamia Turbo Coffee Protein Milkshake,Epigamia,India,,,,403f785a-8d9a-48de-8dcc-0a2c987409c2,15000,250.0,,MILLILITRE,250,6,180 days,,4,False,False,4.2,138,TIER_2,1500.0,,
12/07/25 17:44:59,6706ad1c-2eeb-472b-93e3-e47bc6e68af9,6706ad1c-2eeb-472b-93e3-e47bc6e68af9,0ed3c6ae-9a69-4458-aac5-b6c3342c8954,29400,30,12600,3,3,2025-07-10T17:00:18.213Z,False,42000,29400,True,SELLABLESKU,False,Cold Drinks & Juices,Fruit Juices & Drinks,MILLILITRE,2400,MILLILITRE,28500,c41e2ad3-2dcc-42b6-829b-7e3a8e78d754,38337cf5-f205-41d2-a730-76d836fcd094,Raw Pressery Tender Coconut Water,Raw Pressery,India,Rakyan Beverages Pvt. Ltd,"Rakyan Beverages Pvt. Ltd, B-12, JWC Logistic Park Pvt. Ltd., National Highway No.17 Palaspe, Panvel, Maharashtra.","Coconut Water (100%), Bio-Preservative (INS 234)",1978295f-e810-467a-962a-302ee6710168,42000,1200.0,1.2 L,MILLILITRE,1200,12,7 months,,3,True,False,4.6,741,TIER_2,12600.0,,
12/07/25 17:44:59,6963cc27-1734-4a3f-a3e0-bab59474ed14,6963cc27-1734-4a3f-a3e0-bab59474ed14,0ed3c6ae-9a69-4458-aac5-b6c3342c8954,27000,9,2900,2,2,2025-07-12T09:47:02.937Z,False,29900,27000,True,SELLABLESKU,False,Cold Drinks & Juices,Vegan Drinks,LITER,2700,LITER,24600,dcfd1067-a597-4ef0-81d6-9a3d1b9a2891,4ec970e8-e93d-4338-b73f-ec865dbf39cc,Alt Co. Almond Milk,Alt Co.,India,Alt Co,,,2f72762b-5215-495c-a9b9-9726b553e7b0,29900,1.0,1 L,LITER,1,6,12 months,,2,True,False,4.2,270,TIER_2,2900.0,,
12/07/25 17:44:59,b5e3d06a-1b8c-58ee-8783-62418f6fff67,b5e3d06a-1b8c-58ee-8783-62418f6fff67,554896ba-1bc3-493a-84c2-8a0ce07c2611,60000,0,0,2,2,2025-07-11T14:01:08.769Z,False,60000,60000,True,SELLABLESKU,False,Cold Drinks & Juices,Instant Drink Mixes,PIECE,60000,PIECE,55100,4d088b94-ba43-4bf0-a881-a573862aa0a1,1cf165c0-3441-4794-b1aa-de4ecc4e4b9e,Good Monk Orange Instant Powder Mix,Good Monk,India,Vital Neutraceuticals Pvt ltd,,,6aa1ee34-9dfb-4722-a5ad-773ab61592ba,60000,1.0,396 g,PIECE,396,6,12 months,,2,True,False,4.4,356,,,,
12/07/25 17:44:59,d72ede7f-fd2b-49da-a6dd-5e3953f9a3b3,d72ede7f-fd2b-49da-a6dd-5e3953f9a3b3,0ed3c6ae-9a69-4458-aac5-b6c3342c8954,13500,10,1500,3,3,2025-07-12T07:45:55.329Z,False,15000,13500,True,SELLABLESKU,False,Cold Drinks & Juices,Milk Drinks,MILLILITRE,5400,MILLILITRE,13300,c5638eba-30c0-4a40-8c63-c9947fd22c16,5bff2f95-169e-4503-a1bc-5e344c4fd228,Epigamia Turbo Cookies and Cream Protein Milkshake,Epigamia,India,,,,b1ca615f-5384-4135-981d-343c46308dcd,15000,250.0,,MILLILITRE,250,6,180 days,,3,False,False,4.5,207,TIER_2,1500.0,,
12/07/25 17:44:59,76288f83-2f17-5272-a1f1-a57b305b55f2,76288f83-2f17-5272-a1f1-a57b305b55f2,0ed3c6ae-9a69-4458-aac5-b6c3342c8954,6600,5,400,1,1,2025-07-11T09:44:53.561Z,False,7000,6600,True,SELLABLESKU,False,Cold Drinks & Juices,Soft Drinks,LITER,660,LITER,6400,dff3658b-c351-4e7f-8196-e98d0c66d99e,f5e2a467-d8d2-4b7a-82b8-6169d19f2fb8,Appy Fizz Apple Soft Drink | Pet,Appy,India,Parle Agro Pvt Ltd,"Parle Agro Pvt Ltd, Plot No; 32 to 46 & 54 to 63, Adakanahalli Industrial Area, Nanjangud taluk, Mysore District - 571302.","Water, Reconstituted Apple Juice, Sugar, CO2, Acidity Regulators, Antioxidant.",f8012f67-d0d8-4323-93ef-5d333bcf9119,7000,1.0,1 L,LITER,1000,12,120 days,per 100 ml of productEnergy (kcal) - 54Carbohydrates (g) - 13.6�Natural Sugar (g) - 1.3�Sugar (g) - 12.3Fat (g) - 0Protein (g) - 0,1,False,False,4.7,4085,TIER_2,400.0,,
12/07/25 17:44:59,26222d2a-87f0-5699-895c-6f3324067aef,26222d2a-87f0-5699-895c-6f3324067aef,0ed3c6ae-9a69-4458-aac5-b6c3342c8954,21700,9,2300,4,4,2025-07-11T14:04:42.579Z,False,24000,21700,True,SELLABLESKU,False,Cold Drinks & Juices,Soda & Mixers,PIECE,1808,PIECE,20400,0df54b3f-11f6-4ada-b38a-9be38ea25eba,3b1cbddc-269d-4f67-9ecb-6e0a0362a714,Bombay Banta Lemon Soda,Bombay Banta,India,Bombay Banta,,,9de9bba5-c982-4521-8f2f-aa0d6cc65e0d,24000,12.0,1 pack (12 pcs),PIECE,3500,6,180 days,,4,True,False,4.3,707,TIER_2,2300.0,,
12/07/25 17:44:59,92b0a880-1836-40a6-833c-737a87c2398c,92b0a880-1836-40a6-833c-737a87c2398c,0ed3c6ae-9a69-4458-aac5-b6c3342c8954,25200,4,1300,2,2,2025-07-03T09:21:52.351Z,False,26500,25200,True,SELLABLESKU,False,Cold Drinks & Juices,Instant Drink Mixes,GRAM,4000,GRAM,24600,4d088b94-ba43-4bf0-a881-a573862aa0a1,e7e9ebca-b521-4c0e-94f5-2fc53815f8a3,Hershey's Caramel Syrup,Hershey's,USA,The Hershey's Company,"Max Inc GI 13, GT Industrial Area, North (Delhi), 110033.","Cane Sugar, Water, Natural and Artificial Flavor, Sodium Benzoate and Potassium Sorbate (preservatives), Citric Acid,�Caramel�Color",47458cc6-6031-47ba-b205-6a9043451aad,26500,623.0,623 g,GRAM,623,12,13 months,,2,True,False,4.8,89,TIER_2,1300.0,,
12/07/25 17:44:59,5abd874d-8749-533b-befb-c545833fcdb4,5abd874d-8749-533b-befb-c545833fcdb4,0ed3c6ae-9a69-4458-aac5-b6c3342c8954,54200,8,5200,3,3,2025-07-02T00:48:30.395Z,False,59400,54200,True,SELLABLESKU,False,Cold Drinks & Juices,Non-Alcoholic & Energy Drink,LITER,5420,LITER,54200,c6bba2b2-6b2d-4bd4-ae3d-adb6f9383393,cb30052e-fafd-4c4c-a608-2daebcd15aef,Coolberg Non Alcoholic Beer | Party Pack,Coolberg,India,Coolberg Beverages Pvt. Ltd,,,e2eb868d-5870-4ea4-a1b4-fc8315ccd7fa,59400,1.98,6 x 330 ml,LITER,1980,6,12 months,,3,True,False,5.0,51,TIER_2,5200.0,,
12/07/25 17:44:59,d8da0b96-f520-48bf-9525-792596495853,d8da0b96-f520-48bf-9525-792596495853,0ed3c6ae-9a69-4458-aac5-b6c3342c8954,26700,10,3200,1,1,2025-07-12T11:36:55.399Z,False,29900,26700,True,SELLABLESKU,False,Cold Drinks & Juices,Vegan Drinks,LITER,2670,LITER,24800,dcfd1067-a597-4ef0-81d6-9a3d1b9a2891,7683b0b6-af05-48a3-aa55-4b40e442f67e,Oatish Oat Milk,Oatish,India,,,,47aeb467-c4d2-4ae3-b246-445bc8b0485e,29900,1.0,1 L,LITER,1000,6,12 months,,1,True,False,4.4,318,TIER_2,3200.0,,
12/07/25 17:44:59,2629e188-2674-5870-bda3-a5b12868e81d,2629e188-2674-5870-bda3-a5b12868e81d,554896ba-1bc3-493a-84c2-8a0ce07c2611,60000,0,0,1,1,2025-05-27T05:33:37.163Z,False,60000,60000,True,SELLABLESKU,False,Cold Drinks & Juices,Instant Drink Mixes,PIECE,60000,PIECE,55100,4d088b94-ba43-4bf0-a881-a573862aa0a1,ac6cce08-bdc3-4a8e-abd9-15116e443516,Good Monk Mixed Berries Instant Powder Mix,Good Monk,India,,,,8ca33985-102e-4aac-b032-4733509a0d10,60000,1.0,396 g,PIECE,396,6,12 months,,1,True,False,4.2,545,,,,
12/07/25 17:44:59,dbe6aecc-11cf-44e3-932f-ded55311236f,dbe6aecc-11cf-44e3-932f-ded55311236f,0ed3c6ae-9a69-4458-aac5-b6c3342c8954,14200,4,700,2,2,2025-07-07T07:42:28.728Z,False,14900,14200,True,SELLABLESKU,False,Cold Drinks & Juices,Instant Drink Mixes,GRAM,39400,GRAM,14200,4d088b94-ba43-4bf0-a881-a573862aa0a1,2b0b8ca5-efd3-4bb2-a5c9-1600dfe275ef,Fast&Up Nightout Instant Hangover Relief Drink,Fast&up,India,,,,0676c7f0-42a1-4057-b928-5b314d5cf05d,14900,36.0,1 pack (4 pcs),GRAM,20,6,24 months,,2,True,False,4.1,69,TIER_2,700.0,,
12/07/25 17:44:59,00c220fd-4adb-527f-bb91-4f9327ca5df1,00c220fd-4adb-527f-bb91-4f9327ca5df1,0ed3c6ae-9a69-4458-aac5-b6c3342c8954,10000,0,0,6,6,2025-07-12T02:05:32.623Z,False,10000,10000,True,SELLABLESKU,False,Cold Drinks & Juices,Fruit Juices & Drinks,LITER,1000,LITER,9600,c41e2ad3-2dcc-42b6-829b-7e3a8e78d754,e880c134-66ab-4b9e-85a4-cfa880755af3,Frooti Mango Drink,Frooti,India,,,,e4578a06-0624-4988-9e64-680698c58557,10000,1.25,10 x 125 ml,LITER,1250,6,180 days,,6,False,False,4.8,1226,,,,
12/07/25 17:44:59,fad5ae25-2eda-5846-842c-d70020fef2d4,fad5ae25-2eda-5846-842c-d70020fef2d4,0ed3c6ae-9a69-4458-aac5-b6c3342c8954,12000,20,3000,1,1,2025-07-11T13:54:26.875Z,False,15000,12000,True,SELLABLESKU,False,Cold Drinks & Juices,Milk Drinks,MILLILITRE,4000,MILLILITRE,11000,c5638eba-30c0-4a40-8c63-c9947fd22c16,d2d92302-ee0d-41ce-9b5e-4f15f8a93d4e,Maiva Pro Vanilla 20g Plant Protein 20 Multivitamin VEGan Shake,Maiva Fresh,India,Armaara Innoventures Pvt. Ltd.,,,e961d29d-dfa4-47c1-b81a-c7188508b75d,15000,300.0,,MILLILITRE,300,6,180 days,,1,False,False,4.5,388,TIER_2,3000.0,,
12/07/25 17:44:59,74418328-1ac2-480e-b9b2-462ac4ca9954,74418328-1ac2-480e-b9b2-462ac4ca9954,0ed3c6ae-9a69-4458-aac5-b6c3342c8954,13500,10,1500,5,5,2025-07-11T10:16:18.044Z,False,15000,13500,True,SELLABLESKU,False,Cold Drinks & Juices,Milk Drinks,MILLILITRE,5400,MILLILITRE,13100,c5638eba-30c0-4a40-8c63-c9947fd22c16,94967248-d3e6-4284-8356-e0f05cf35477,Epigamia Turbo Vanilla and Caramel Protein Milkshake,Epigamia,India,?Drums Food International Private Limited,,,e3d82530-d213-4a84-b68d-a81f8764afa2,15000,250.0,250 ml,MILLILITRE,250,6,180 days,,5,False,False,4.4,238,TIER_2,1500.0,,
12/07/25 17:44:59,c6a712c0-7384-4fc1-a46b-3c1a8ca4cca6,c6a712c0-7384-4fc1-a46b-3c1a8ca4cca6,0ed3c6ae-9a69-4458-aac5-b6c3342c8954,16200,10,1800,4,4,2025-07-10T04:12:37.730Z,False,18000,16200,True,SELLABLESKU,False,Cold Drinks & Juices,Soft Drinks,LITER,810,LITER,15300,dff3658b-c351-4e7f-8196-e98d0c66d99e,9137d726-af4c-4749-978a-95299ff21525,Bombay Banta Assorted Flavoured Soft Drink,Bombay Banta,India,,,,4f645769-2a09-4a6a-8bef-5dc6fd4625cd,18000,2.0,8 x 250 ml,LITER,2000,6,180 days,,4,True,False,4.8,71,TIER_2,1800.0,,
12/07/25 17:44:59,6f8c4ff4-9b9f-5612-8027-2986d564b7fd,6f8c4ff4-9b9f-5612-8027-2986d564b7fd,0ed3c6ae-9a69-4458-aac5-b6c3342c8954,21700,9,2300,3,3,2025-07-11T14:04:50.377Z,False,24000,21700,True,SELLABLESKU,False,Cold Drinks & Juices,Soda & Mixers,PIECE,1808,PIECE,20400,0df54b3f-11f6-4ada-b38a-9be38ea25eba,34fe5b5f-25d2-45a1-a284-af57a0b47a91,Bombay Banta Imli Chaska Soda,Bombay Banta,India,Bombay Banta,,,7f7b7d9c-4f8e-484e-a86c-cfe1deb7bb20,24000,12.0,1 pack (12 pcs),PIECE,3500,6,180 days,,3,True,False,4.2,143,TIER_2,2300.0,,
12/07/25 17:44:59,31db9e03-a710-4fe7-a5c6-1a2df0714a24,31db9e03-a710-4fe7-a5c6-1a2df0714a24,0ed3c6ae-9a69-4458-aac5-b6c3342c8954,28300,8,2700,2,2,2025-07-11T14:00:59.382Z,False,31000,28300,True,SELLABLESKU,False,Cold Drinks & Juices,Non-Alcoholic & Energy Drink,PIECE,28300,PIECE,28200,c6bba2b2-6b2d-4bd4-ae3d-adb6f9383393,cef29fdf-0563-4666-b017-4cdc8b91d851,Fast&Up Reload Zero Sugar Energy Drink for Hydration - Ice Current Flavour,Fast&up,India,AERONUTRIX SPORTS PRODUCTS PVT LTD,,,a882b6ec-f992-435e-946e-aaad037ca556,31000,1.0,1 pack (22 pcs),PIECE,150,6,24 months,,2,True,False,4.6,981,TIER_2,2700.0,,
12/07/25 17:44:59,912d3118-54e0-4fa1-aca8-773503c953bd,912d3118-54e0-4fa1-aca8-773503c953bd,0ed3c6ae-9a69-4458-aac5-b6c3342c8954,28300,12,4200,3,3,2025-07-01T09:19:58.019Z,False,32500,28300,True,SELLABLESKU,False,Cold Drinks & Juices,Vegan Drinks,LITER,2830,LITER,27000,dcfd1067-a597-4ef0-81d6-9a3d1b9a2891,231e4f88-15d8-4eb1-9e34-764e4aad6077,Raw Pressery Almond Milk,Raw Pressery,India,Rakyan Beverages Pvt. Ltd,"Rakyan Beverages Pvt. Ltd, B-12, JWC Logistic Park Pvt. Ltd., National Highway No.17 Palaspe, Panvel, Maharashtra.",,1b1b90cc-ad0a-4f14-81a4-14f22b8b64ac,32500,1.0,1 L,LITER,1000,8,12 months,,3,True,False,4.5,113,TIER_2,4200.0,,
12/07/25 17:44:59,4b668e76-6797-5321-8a14-2a129750e84c,4b668e76-6797-5321-8a14-2a129750e84c,554896ba-1bc3-493a-84c2-8a0ce07c2611,60000,0,0,2,2,2025-07-11T14:00:03.585Z,False,60000,60000,True,SELLABLESKU,False,Cold Drinks & Juices,Instant Drink Mixes,PIECE,60000,PIECE,55100,4d088b94-ba43-4bf0-a881-a573862aa0a1,de9335ec-12d2-412f-acff-9b04b54ca532,Good Monk Pineapple Instant Drink Mix,Good Monk,India,Vital Neutraceuticals Pvt ltd,,,dfc4eae1-4466-47da-837c-ba475bdaae27,60000,1.0,396 g,PIECE,396,6,12 months,,2,True,False,4.2,541,,,,
12/07/25 17:44:59,9426d764-f832-4944-9ab8-48f0cd58e538,9426d764-f832-4944-9ab8-48f0cd58e538,0ed3c6ae-9a69-4458-aac5-b6c3342c8954,1900,5,100,6,6,2025-07-12T02:50:15.960Z,False,2000,1900,True,SELLABLESKU,False,Cold Drinks & Juices,Soft Drinks,MILLILITRE,700,MILLILITRE,1900,dff3658b-c351-4e7f-8196-e98d0c66d99e,adea52e2-48a2-4ebb-a358-868aaa04666d,Bombay Banta Lemon Soda Soft Drink,Bombay Banta,India,,,,3a989903-630f-49ac-b170-7b2c7bc1a2ab,2000,250.0,,MILLILITRE,250,6,6 months,,6,False,False,4.6,876,TIER_2,100.0,,
12/07/25 17:44:59,82ef7e7f-101e-4072-8fd8-24bc51fd6012,82ef7e7f-101e-4072-8fd8-24bc51fd6012,0ed3c6ae-9a69-4458-aac5-b6c3342c8954,11000,4,500,2,2,2025-07-06T10:01:34.174Z,False,11500,11000,True,SELLABLESKU,False,Cold Drinks & Juices,Instant Drink Mixes,GRAM,5500,GRAM,10700,4d088b94-ba43-4bf0-a881-a573862aa0a1,70255ead-049e-4f7b-bd7a-7c7d9b5d6d05,Hershey's Strawberry Syrup,Hershey's,USA,The Hershey's Company,"Hershey India Pvt Ltd, Plot, No 5, New Industrial Area No. 1, Mandideep Dist, Raisen - 462046, Madhya Pradesh.",,decb8a7d-bc15-4aa5-b610-f667e86c97f8,11500,200.0,200 g,GRAM,200,12,13 months,,2,False,False,4.4,174,TIER_2,500.0,,
12/07/25 17:44:59,9f8c76f8-fa44-51b5-a79e-810b65848128,9f8c76f8-fa44-51b5-a79e-810b65848128,0ed3c6ae-9a69-4458-aac5-b6c3342c8954,21700,9,2300,2,2,2025-07-11T13:57:38.596Z,False,24000,21700,True,SELLABLESKU,False,Cold Drinks & Juices,Soda & Mixers,PIECE,1808,PIECE,20400,0df54b3f-11f6-4ada-b38a-9be38ea25eba,94b47ee2-1aa9-454d-95e0-6e0d7efbb6c9,Bombay Banta Kala Khatta Black Currant Soda,Bombay Banta,India,Bombay Banta,,,e71986ee-9129-455c-a887-4e1b057d3480,24000,12.0,1 pack (12 pcs),PIECE,3500,6,180 days,,2,True,False,4.7,773,TIER_2,2300.0,,
12/07/25 17:44:59,ae379082-53cd-4e6c-88bd-022a45c8f930,ae379082-53cd-4e6c-88bd-022a45c8f930,0ed3c6ae-9a69-4458-aac5-b6c3342c8954,27400,7,2100,2,2,2025-07-10T23:30:09.621Z,False,29500,27400,True,SELLABLESKU,False,Cold Drinks & Juices,Non-Alcoholic & Energy Drink,PIECE,1370,PIECE,27400,c6bba2b2-6b2d-4bd4-ae3d-adb6f9383393,e18255d2-bc1e-46a6-a455-2d449f24cb10,Fast&Up Reload Energy Drink Low Sugar Electrolyte - Mojito Flavour,Fast&up,India,Fast&Up,,,24664565-a53a-4c06-b3ec-b41fb8b64639,29500,20.0,1 pack (20 pcs),PIECE,20,6,24 months,,2,True,False,4.2,843,TIER_2,2100.0,,
12/07/25 17:44:59,da9c30f1-40ba-4101-a995-311507f1ebcf,da9c30f1-40ba-4101-a995-311507f1ebcf,0ed3c6ae-9a69-4458-aac5-b6c3342c8954,33100,44,26900,1,1,2025-06-30T19:07:35.688Z,False,60000,33100,True,SELLABLESKU,False,Cold Drinks & Juices,Water,PIECE,5516,PIECE,33100,b783925b-6b57-4750-99f6-01ea5145ec5e,a3ec15c5-a259-487c-9644-5b210a5a8771,Aava Sparkling Water,AAVA,India,,,,0d29a119-9f54-4071-a8b7-116cfac4dfc4,60000,6.0,6 x 500 ml,PIECE,3000,6,180 days,,1,True,False,3.9,52,TIER_2,26900.0,,
12/07/25 17:44:59,1c531bf3-6987-5fee-9e16-626c22280284,1c531bf3-6987-5fee-9e16-626c22280284,0ed3c6ae-9a69-4458-aac5-b6c3342c8954,12000,20,3000,2,2,2025-07-11T13:54:33.826Z,False,15000,12000,True,SELLABLESKU,False,Cold Drinks & Juices,Milk Drinks,MILLILITRE,4000,MILLILITRE,11000,c5638eba-30c0-4a40-8c63-c9947fd22c16,ce773cc3-4d44-4f63-8eed-c5eb19679db8,Maiva Pro Coffee 20g Plant Protein 20 Multivitamin Shake,Maiva Fresh,India,Armaara Innoventures Pvt. Ltd.,,,04a5dce2-b983-425c-8383-3d71f92f3763,15000,300.0,,MILLILITRE,300,6,180 days,,2,False,False,4.6,288,TIER_2,3000.0,,
12/07/25 17:44:59,976b3767-ea50-4883-8a49-78765da1faa6,976b3767-ea50-4883-8a49-78765da1faa6,0ed3c6ae-9a69-4458-aac5-b6c3342c8954,28300,12,4200,3,3,2025-07-04T23:08:28.480Z,False,32500,28300,True,SELLABLESKU,False,Cold Drinks & Juices,Vegan Drinks,LITER,2830,LITER,27000,dcfd1067-a597-4ef0-81d6-9a3d1b9a2891,9d5ee4cc-544f-47b6-9412-f8d01b470d65,Raw Pressery Cocoa Almond Milk,Raw Pressery,India,Rakyan Beverages Pvt. Ltd,"Rakyan Beverages Pvt. Ltd, B-12, JWC Logistic Park Pvt. Ltd., National Highway No.17 Palaspe, Panvel, Maharashtra.","Water, Almond(5%), Fructose, Cacao Nibs(1.55%), Liquid Chocolate(1.55%), Emulsifier (INS 322), Acidity Regulator (INS� 341 (Iii), INS� 332(Ii)), Stabilizer (INS 410, INS 170(I),INS 418) , Stevia",0e2db924-61fa-4ed0-a156-0a1cf73b455a,32500,1.0,1 L,LITER,1000,8,12 months,,3,True,False,4.4,287,TIER_2,4200.0,,
12/07/25 17:44:59,776c0eb1-d8bc-4e31-9458-fe55da297135,776c0eb1-d8bc-4e31-9458-fe55da297135,0ed3c6ae-9a69-4458-aac5-b6c3342c8954,1900,5,100,6,6,2025-07-12T02:50:15.964Z,False,2000,1900,True,SELLABLESKU,False,Cold Drinks & Juices,Soft Drinks,MILLILITRE,700,MILLILITRE,1900,dff3658b-c351-4e7f-8196-e98d0c66d99e,b54a91f2-3ccb-43cf-941e-28001b9b280b,Bombay Banta Imli Jeera Soft Drink,Bombay Banta,India,,,,be528717-fa5a-4c31-a02e-a282e1e8952e,2000,250.0,,MILLILITRE,250,6,6 months,,6,False,False,4.4,768,TIER_2,100.0,,
12/07/25 17:44:59,b382babb-cac1-468b-8233-dd3e9c6686fc,b382babb-cac1-468b-8233-dd3e9c6686fc,0ed3c6ae-9a69-4458-aac5-b6c3342c8954,6100,23,1900,1,1,2025-07-11T14:22:48.765Z,False,8000,6100,True,SELLABLESKU,False,Cold Drinks & Juices,Milk Drinks,MILLILITRE,3300,MILLILITRE,6000,c5638eba-30c0-4a40-8c63-c9947fd22c16,e7e3bea7-3acb-4980-abb5-50f0406a7780,Epigamia Greek Yogurt Blueberry Smoothie,Epigamia,India,Drums Food International Pvt Ltd,"Drums Food International Pvt Ltd, The Centrium, Office No 2 ( Unit 302) , Phoenix Marketcity , LBS Marg, Kurla West, Mumbai 400070.","Greek Yogurt (Pasteurized Double Toned Milk, Milk Solids, Stabilizing Agent (Pectin Ins 440), Permitted Starter Cultures), Processed Blueberry Pulp (Sugar, Blueberry Puree, Water, Stabilizing Agent (Pectin Ins 440), Lemon Juice Concentrate) Total Fruit Content: 3%",52cd9ab1-a85b-41fe-b213-341e3dfd82d6,8000,180.0,180 ml,MILLILITRE,200,12,30 days,,1,False,False,4.7,205,TIER_2,1900.0,,
12/07/25 17:44:59,9f018423-4088-466b-ab3d-b7a1d6f1f342,9f018423-4088-466b-ab3d-b7a1d6f1f342,0ed3c6ae-9a69-4458-aac5-b6c3342c8954,13500,0,0,2,2,2025-07-11T16:14:51.989Z,False,13500,13500,True,SELLABLESKU,False,Cold Drinks & Juices,Instant Drink Mixes,GRAM,12200,GRAM,13000,4d088b94-ba43-4bf0-a881-a573862aa0a1,a0b8811a-46da-4f3d-a436-469ff77115f0,hershey's Chocolate Instant Powder Mix,hershey's,India,Hershey's India,,,9e382434-e4ab-4571-8a8f-30f95b9ac3ee,13500,110.0,,GRAM,110,6,12 months,,2,False,False,4.7,266,,,,
12/07/25 17:44:59,0b5b2d13-f411-452c-8df2-2a9adf7a8cbb,0b5b2d13-f411-452c-8df2-2a9adf7a8cbb,0ed3c6ae-9a69-4458-aac5-b6c3342c8954,27500,6,2000,2,2,2025-06-21T06:10:32.992Z,False,29500,27500,True,SELLABLESKU,False,Cold Drinks & Juices,Non-Alcoholic & Energy Drink,PIECE,1375,PIECE,27400,c6bba2b2-6b2d-4bd4-ae3d-adb6f9383393,9d102185-1fa3-4109-84a0-e2b4067c6fd8,Fast&Up Reload Energy Drink Low Sugar Electrolyte - Berry Flavour,Fast&up,India,Fast&Up,"Fast&Up, Wing-A, Lion Sole Marg, Highland Park, Andheri West, Mumbai, Maharashtra 400102.",,4b659ece-3219-4eb8-9bf9-917c73c64361,29500,20.0,1 pack (20 pcs),PIECE,20,12,24 months,,2,True,False,5.0,65,TIER_2,2000.0,,
12/07/25 17:44:59,d3a60768-84d6-4bff-8855-19171c4a4645,d3a60768-84d6-4bff-8855-19171c4a4645,0ed3c6ae-9a69-4458-aac5-b6c3342c8954,37600,5,2300,2,2,2025-07-10T19:15:48.550Z,False,39900,37600,True,SELLABLESKU,False,Cold Drinks & Juices,Fruit Juices & Drinks,LITER,3760,LITER,32200,c41e2ad3-2dcc-42b6-829b-7e3a8e78d754,dc3358f1-085d-4fa3-bce6-5f603d0dae0a,Raw Pressery Valencia Orange Fruit Juice,Raw Pressery,India,Rakyan Beverages Pvt. Ltd,"Rakyan Beverages Pvt. Ltd, B-12, JWC Logistic Park Pvt. Ltd., National Highway No.17 Palaspe, Panvel, Maharashtra.","ORANGE JUICE(91.8%), ORANGE PULP, CITRUS FIBER, ANTIOXIDANT / VITAMIN C ( INS 300)",64b0ed2d-8512-4b39-b2c1-5c6c50849db6,39900,1.0,1 L,LITER,1000,12,9 months,,2,True,False,4.6,176,TIER_2,2300.0,,
12/07/25 18:01:07,616f027f-990b-597f-a15a-62be3a201f4a,616f027f-990b-597f-a15a-62be3a201f4a,0ed3c6ae-9a69-4458-aac5-b6c3342c8954,12000,20,3000,1,1,2025-07-11T13:54:45.698Z,False,15000,12000,True,SELLABLESKU,False,Cold Drinks & Juices,Milk Drinks,MILLILITRE,4000,MILLILITRE,11000,c5638eba-30c0-4a40-8c63-c9947fd22c16,1960d7fb-ca6a-40de-89c9-665ce39d0a9c,Maiva Pro Strawberry 20g Plant Protein 20 Multivitamin Shake,Maiva Fresh,India,Armaara Innoventures Pvt. Ltd.,,,a662fc73-a327-4d80-af90-96bc347d0e9a,15000,300.0,,MILLILITRE,300,6,180 days,,1,False,False,4.7,595,TIER_2,3000.0,,
12/07/25 18:01:07,9fda4159-34dc-5a98-bb7f-47181baeae55,9fda4159-34dc-5a98-bb7f-47181baeae55,0ed3c6ae-9a69-4458-aac5-b6c3342c8954,4500,0,0,1,1,2025-07-02T00:51:36.573Z,False,4500,4500,True,SELLABLESKU,False,Cold Drinks & Juices,Soda & Mixers,MILLILITRE,1800,MILLILITRE,4200,0df54b3f-11f6-4ada-b38a-9be38ea25eba,82f1b820-933f-4be1-9924-851b073f0722,Bombay 99 Club Soda,Bombay 99,India,Parle Agro Pvt Ltd,"Parle Agro Pvt Ltd, Plot No. 32-42, Adakanhalli Industrial Area, Nanjangud Taluk, Mysore -571302' Country of origin",Purified Water & Carbon dioxide.,4ea99e0c-280d-4933-bafb-c7cabbc5df5a,4500,250.0,250 ml,MILLILITRE,250,16,12 months,,1,False,False,3.9,88,,,,
12/07/25 18:01:07,10ad5afb-19d5-459a-acac-76d546d95772,10ad5afb-19d5-459a-acac-76d546d95772,0ed3c6ae-9a69-4458-aac5-b6c3342c8954,4000,0,0,5,5,2025-07-12T09:07:25.755Z,False,4000,4000,True,SELLABLESKU,False,Cold Drinks & Juices,Soft Drinks,MILLILITRE,600,MILLILITRE,3800,dff3658b-c351-4e7f-8196-e98d0c66d99e,f5e2a467-d8d2-4b7a-82b8-6169d19f2fb8,Appy Fizz Apple Soft Drink | Pet,Appy,India,Parle Agro Pvt Ltd,"Parle Agro Pvt Ltd, Plot No; 32 to 46 & 54 to 63, Adakanahalli Industrial Area, Nanjangud taluk, Mysore District - 571302.","Water, Reconstituted Apple Juice, Sugar, CO2, Acidity Regulators, Antioxidant.",6a99c24e-d8f2-4f51-8aef-8282ffc69dca,4000,600.0,600 ml,MILLILITRE,600,12,120 days,Typical value per 100 ml of product.Energy (kcal) - 54Carbohydrates (g) - 13.6 -Natural Sugar (g) - 1.3 -Sugar (g) - 12.3Fat (g) - 0Protein (g) - 0,5,False,False,4.7,4085,,,,
12/07/25 18:01:07,67d71fc1-de0e-4986-b477-d47a7bffed7f,67d71fc1-de0e-4986-b477-d47a7bffed7f,0ed3c6ae-9a69-4458-aac5-b6c3342c8954,27900,5,1600,3,3,2025-07-12T06:31:42.147Z,False,29500,27900,True,SELLABLESKU,False,Cold Drinks & Juices,Vegan Drinks,LITER,2790,LITER,27800,dcfd1067-a597-4ef0-81d6-9a3d1b9a2891,48dd7ede-e731-4b0a-ae7e-ea6393f13751,Only Earth Organic Coconut Drink,Only Earth,India,Naturise Consumer Products Pvt Ltd,"Naturise Consumer Products Pvt Ltd, 109, Vellala stree, Purasawalkam, Chennai 600084.",,7e1d7282-d490-4373-a4c7-1c7e44976830,29500,1.0,1 L,LITER,1000,12,12 months,,3,True,False,4.6,66,TIER_2,1600.0,,
12/07/25 18:01:07,8126b483-30e5-5e25-91d6-48f86c9a692a,8126b483-30e5-5e25-91d6-48f86c9a692a,0ed3c6ae-9a69-4458-aac5-b6c3342c8954,60000,0,0,1,1,2025-07-11T13:54:37.210Z,False,60000,60000,True,SELLABLESKU,False,Cold Drinks & Juices,Water,PIECE,60000,PIECE,60000,b783925b-6b57-4750-99f6-01ea5145ec5e,81efb389-67b7-441c-9610-94cea61bb405,Evocus Natural Black Alkaline Water,Evocus,India,Evocus,,,df6aa881-f64c-4e06-a2c9-63e792d2c679,60000,1.0,1 pack (6 pcs),PIECE,3000,6,12 months,,1,True,False,4.2,68,,,,
12/07/25 18:01:07,eb7cd8e8-4983-4bda-8708-4912c8606caa,eb7cd8e8-4983-4bda-8708-4912c8606caa,0ed3c6ae-9a69-4458-aac5-b6c3342c8954,27500,6,2000,3,3,2025-07-07T22:29:56.289Z,False,29500,27500,True,SELLABLESKU,False,Cold Drinks & Juices,Non-Alcoholic & Energy Drink,PIECE,1375,PIECE,25300,c6bba2b2-6b2d-4bd4-ae3d-adb6f9383393,58329075-f4bb-4131-833f-6fd4653c8a12,Fast&Up Reload Energy Drink Low Sugar Electrolyte - Lime Lemon Flavour,Fast&up,India,Fast&Up,"Fast&Up, Wing-A, Lion Sole Marg, Highland Park, Andheri West, Mumbai, Maharashtra 400102.",,ea62fbf8-dc72-4655-97a8-1f891789341d,29500,20.0,1 pack (20 pcs),PIECE,20,12,24 months,,3,True,False,4.9,87,TIER_2,2000.0,,
12/07/25 18:01:07,84e7d14d-3516-4965-ba43-3bccefb57aea,84e7d14d-3516-4965-ba43-3bccefb57aea,0ed3c6ae-9a69-4458-aac5-b6c3342c8954,7000,12,1000,1,1,2025-07-11T14:04:32.721Z,False,8000,7000,True,SELLABLESKU,False,Cold Drinks & Juices,Soda & Mixers,MILLILITRE,2800,MILLILITRE,7000,0df54b3f-11f6-4ada-b38a-9be38ea25eba,6196eb9e-3764-4e04-90e8-1be1b9d3c38c,3 Sisters Jeera Masala Soda,3 Sisters,India,Adhar Beverages Private Limited,,,e9977cfb-3bc9-4b2c-b10f-d1c4dd490f8c,8000,250.0,,MILLILITRE,270,6,18 months,,1,False,False,4.4,823,TIER_2,1000.0,,
12/07/25 18:01:07,0e27545e-22be-5387-bbcc-7b70abf7cb7a,0e27545e-22be-5387-bbcc-7b70abf7cb7a,0ed3c6ae-9a69-4458-aac5-b6c3342c8954,23600,1,400,2,2,2025-07-11T14:04:54.890Z,False,24000,23900,True,SELLABLESKU,False,Cold Drinks & Juices,Soft Drinks,LITER,2360,LITER,22000,dff3658b-c351-4e7f-8196-e98d0c66d99e,55923320-a5c2-4855-9e33-4d1099417615,Pepsi Zero Sugar Soft Drink,Pepsi,India,VBL,,,c5985184-abcb-4cf1-93a6-f4f55bcb7bef,24000,1.9,6 x 330 ml,LITER,1980,6,9 months,,2,True,False,4.3,504,TIER_2,400.0,,
12/07/25 18:01:07,93bfa381-8f8e-55a7-8972-1c88e262ec68,93bfa381-8f8e-55a7-8972-1c88e262ec68,0ed3c6ae-9a69-4458-aac5-b6c3342c8954,24500,23,7500,2,2,2025-07-12T01:31:37.006Z,False,32000,24500,True,SELLABLESKU,False,Cold Drinks & Juices,Instant Drink Mixes,GRAM,3200,GRAM,22900,4d088b94-ba43-4bf0-a881-a573862aa0a1,81b70af5-f11f-4444-bf08-9e535b877e08,Rasna Mango Instant Powder Mix,Rasna,India,Rasna Private Limited,,,3b09e1da-6ac6-48dd-b644-16de94da1c6a,32000,750.0,750 g,GRAM,750,6,24 months,,2,True,False,5.0,58,TIER_2,7500.0,,
12/07/25 18:01:07,97009cfc-d553-5fd7-acad-7cd478aad164,97009cfc-d553-5fd7-acad-7cd478aad164,0ed3c6ae-9a69-4458-aac5-b6c3342c8954,1500,0,0,6,6,2025-07-11T23:29:38.555Z,False,1500,1500,True,SELLABLESKU,False,Cold Drinks & Juices,Milk Drinks,MILLILITRE,800,MILLILITRE,1300,c5638eba-30c0-4a40-8c63-c9947fd22c16,f7700c38-1875-45ab-8093-cf881029b677,Smoodh Chaas Masala Flavoured Buttermilk Pet,Smoodh,India,,,,3e857b3a-5a46-417f-b8bb-771339952771,1500,180.0,,MILLILITRE,180,6,180 days,,6,False,False,4.2,755,,,,
12/07/25 18:01:07,9fece867-af1c-4068-a4a5-b07785f8d917,9fece867-af1c-4068-a4a5-b07785f8d917,0ed3c6ae-9a69-4458-aac5-b6c3342c8954,4000,0,0,6,6,2025-07-12T11:52:22.103Z,False,4000,4000,True,SELLABLESKU,False,Cold Drinks & Juices,Soft Drinks,MILLILITRE,1300,MILLILITRE,3800,dff3658b-c351-4e7f-8196-e98d0c66d99e,942d73e3-7db9-4ecc-9896-4fe98624488d,Pepsi Black Cola Diet Soft Drink,Pepsi Black,India,Pepsico India Holdings Pvt. Ltd,,,c6ddb7ce-ffe7-495d-bcbd-5e8697db0e78,4000,300.0,300 ml,MILLILITRE,300,6,9 months,,6,True,False,4.6,1767,,,,
12/07/25 18:01:07,72364048-e997-41e5-8ee0-d282c1ccc80d,72364048-e997-41e5-8ee0-d282c1ccc80d,0ed3c6ae-9a69-4458-aac5-b6c3342c8954,7000,12,1000,2,2,2025-07-11T13:58:01.309Z,False,8000,7000,True,SELLABLESKU,False,Cold Drinks & Juices,Soda & Mixers,MILLILITRE,2800,MILLILITRE,6400,0df54b3f-11f6-4ada-b38a-9be38ea25eba,5620d543-1717-4ba0-913a-e16724976e02,3 Sisters Imli Chaska Soda,3 Sisters,India,Adhar Beverages Private Limited,,,41e3069d-f14f-4da7-ba6b-123201c6f29a,8000,250.0,,MILLILITRE,270,6,18 months,,2,False,False,4.4,354,TIER_2,1000.0,,
12/07/25 18:01:07,acdf8b5b-4762-5b0b-aa16-011660778134,acdf8b5b-4762-5b0b-aa16-011660778134,0ed3c6ae-9a69-4458-aac5-b6c3342c8954,8500,14,1400,3,3,2025-07-02T10:24:45.025Z,False,9900,8500,True,SELLABLESKU,False,Cold Drinks & Juices,Non-Alcoholic & Energy Drink,MILLILITRE,2500,MILLILITRE,8000,c6bba2b2-6b2d-4bd4-ae3d-adb6f9383393,bc433c4c-6468-411a-bfd9-c2146d7993d2,Coolberg Mint Non Alcoholic Beer,Coolberg,India,,,,c73a5c08-03bb-4182-90a3-9b7f098fb130,9900,330.0,330 ml,MILLILITRE,600,6,12 months,,3,False,False,4.7,207,TIER_2,1400.0,,
12/07/25 18:01:07,c93d8c2c-2036-4756-85c2-7a22e6ac1527,c93d8c2c-2036-4756-85c2-7a22e6ac1527,0ed3c6ae-9a69-4458-aac5-b6c3342c8954,27600,8,2400,2,2,2025-07-07T12:11:02.583Z,False,30000,27600,True,SELLABLESKU,False,Cold Drinks & Juices,Vegan Drinks,LITER,2760,LITER,26000,dcfd1067-a597-4ef0-81d6-9a3d1b9a2891,ac931d8e-612a-425b-9cb4-7efea478e971,So Good Regular Oat Milk,So Good,India,LHF,,,cedaec19-a71a-4fd7-8a34-8af2e85591f6,30000,1.0,1 L,LITER,1,12,12 months,,2,True,False,4.4,71,TIER_2,2400.0,,
12/07/25 18:01:07,295027cd-d4ed-57e7-987a-0c662831fb7b,295027cd-d4ed-57e7-987a-0c662831fb7b,0ed3c6ae-9a69-4458-aac5-b6c3342c8954,24500,23,7500,2,2,2025-06-15T10:03:34.156Z,False,32000,24500,True,SELLABLESKU,False,Cold Drinks & Juices,Instant Drink Mixes,GRAM,3200,GRAM,22900,4d088b94-ba43-4bf0-a881-a573862aa0a1,f6f74925-3b12-4bb7-a14c-57b8e0010da3,Rasna Lemon Instant Powder Mix,Rasna,India,Rasna Private Limited,,,14ef2002-e96a-4f46-ac64-31548d47a464,32000,750.0,,GRAM,750,6,24 months,,2,True,False,4.5,807,TIER_2,7500.0,,
12/07/25 18:01:07,c6ea23f2-d175-4f33-9ecf-9c7e163981b5,c6ea23f2-d175-4f33-9ecf-9c7e163981b5,0ed3c6ae-9a69-4458-aac5-b6c3342c8954,1900,5,100,6,6,2025-07-12T12:06:59.383Z,False,2000,1900,True,SELLABLESKU,False,Cold Drinks & Juices,Soft Drinks,MILLILITRE,700,MILLILITRE,1900,dff3658b-c351-4e7f-8196-e98d0c66d99e,f9538f84-908d-4416-a688-506915f46275,Bombay Banta Kala Khatta Soft Drink,Bombay Banta,India,,,,d70671c3-dfcc-4cf5-a1e0-157f822cd4a5,2000,250.0,,MILLILITRE,250,6,6 months,,6,False,False,4.4,1480,TIER_2,100.0,,
12/07/25 18:01:07,8c027ead-426f-479e-88b5-00adc84c6899,8c027ead-426f-479e-88b5-00adc84c6899,0ed3c6ae-9a69-4458-aac5-b6c3342c8954,9300,6,600,2,2,2025-07-11T16:02:58.945Z,False,9900,9300,True,SELLABLESKU,False,Cold Drinks & Juices,Non-Alcoholic & Energy Drink,MILLILITRE,2800,MILLILITRE,8600,c6bba2b2-6b2d-4bd4-ae3d-adb6f9383393,a979a8bc-3595-45b4-888c-98052c6bd3c7,3 Sisters Cranberry Non Alcoholic Beer,3 Sisters,India,,,,40b9a67f-05ac-4882-a9f7-74a18d95eb06,9900,330.0,,MILLILITRE,600,6,12 months,,2,False,False,4.4,449,TIER_2,600.0,,
12/07/25 18:01:07,6016911d-1a8d-41c0-8b4f-b900e2302bfb,6016911d-1a8d-41c0-8b4f-b900e2302bfb,0ed3c6ae-9a69-4458-aac5-b6c3342c8954,8700,37,5300,1,1,2025-07-07T20:25:45.332Z,False,14000,8700,True,SELLABLESKU,False,Cold Drinks & Juices,Fruit Juices & Drinks,LITER,870,LITER,8300,c41e2ad3-2dcc-42b6-829b-7e3a8e78d754,bc5b9f2e-757d-44ec-8f0d-a85862f9dd80,B Natural Apple Fruit Juice,B Natural,India,ITC Limited,"ITC Limited, 37, J.L. Nehru Road, Kolkata- 700071.","Water, Apple Juice, Concentrate 17.6%",30cb5331-30f9-42f7-8b1d-ce61e01c4369,14000,1.0,1 L,LITER,1000,6,9 months,per 100 ml of product.Energy (kcal) - 54 Protein (g) - 0 Carbohydrates (g) - 13.5 Natural Sugar - 1.5 Added Sugar (g) - 12 Fat (g) - 0 Vit C (mg) - 17,1,False,False,4.4,177,TIER_2,5300.0,,
12/07/25 18:01:07,23246ad6-cb0a-4278-9518-abd9c4d066bd,23246ad6-cb0a-4278-9518-abd9c4d066bd,0ed3c6ae-9a69-4458-aac5-b6c3342c8954,3400,15,600,8,8,2025-07-12T03:37:12.837Z,False,4000,3400,True,SELLABLESKU,False,Cold Drinks & Juices,Milk Drinks,MILLILITRE,1800,MILLILITRE,3000,c5638eba-30c0-4a40-8c63-c9947fd22c16,44c753c3-6c26-4223-a039-c94e6c99aa1c,Hershey's Chocolate Milkshake,Hershey's,USA,The Hershey's Company,"Hershey India Pvt Ltd, Plot, No 5, New Industrial Area No. 1, Mandideep Dist, Raisen - 462046, Madhya Pradesh.",,88e09c4d-9227-43b4-81bf-6299d92a654a,4000,180.0,180 ml,MILLILITRE,180,12,9 months,,8,False,False,4.6,2160,TIER_2,600.0,,
12/07/25 18:01:07,53ea2bdb-37b7-446c-a6d0-807cd0513751,53ea2bdb-37b7-446c-a6d0-807cd0513751,0ed3c6ae-9a69-4458-aac5-b6c3342c8954,7500,0,0,4,4,2025-07-12T08:50:32.711Z,False,7500,7500,True,SELLABLESKU,False,Cold Drinks & Juices,Water,LITER,150,LITER,7500,b783925b-6b57-4750-99f6-01ea5145ec5e,0d579560-8fd3-4708-88b0-7ef5245ff0c9,Bisleri Packaged Drinking Water,Bisleri,India,BISLERI INTERNATIONAL PVT LTD,"BISLERI INTERNATIONAL PVT LTD, 29/33, UDAYAGIRI VILLAGE, DEVANAHALLI, BANGALORE-562110.",,02301ce1-e2ee-45f5-8761-39dfe0cc68f9,7500,5.0,5 L,LITER,5000,12,6 months,Typical value per 100 ml of product.Potassium (mg) - 0.1Magnesium (mg) - 0.2,4,False,False,4.7,3337,,,,
12/07/25 18:01:07,6b037605-e246-4cb2-b996-1a421527a542,6b037605-e246-4cb2-b996-1a421527a542,0ed3c6ae-9a69-4458-aac5-b6c3342c8954,9200,7,700,1,1,2025-07-12T09:37:46.183Z,False,9900,9200,True,SELLABLESKU,False,Cold Drinks & Juices,Non-Alcoholic & Energy Drink,MILLILITRE,2700,MILLILITRE,9100,c6bba2b2-6b2d-4bd4-ae3d-adb6f9383393,dc293798-dcd4-40fc-b123-6e9436b9890d,Coolberg Strawberry Non Alcoholic Beer,Coolberg,India,Coolberg Beverages Pvt Ltd,"Universal Business Park, 406, A-Wing, Off, Saki Vihar Rd, Chandivali, Mumbai, Maharashtra 400072.","Carbonated Water, Sugar, Apple Juice Concentrate (1.40%), Barley Malt, Acidulant (INS 330), Herbs, Permitted Class II Preservatives (INS 211), Acidity Regulator (INS 331), Contains Permitted Natural Food Colour (INS 150d) And Added flavours (Natural, Nature Identical And Artificial Flavouring Substances- Strawberry)",6c088207-64aa-4078-bf87-2c3c7efeda9a,9900,330.0,330 ml,MILLILITRE,330,12,12 months,Energy- 49.33 KcalProtein- 0.64 gCarbohydrates- 11.67 gSugar- 11.11 gFat- 0.01 g,1,False,False,4.7,836,TIER_2,700.0,,
12/07/25 18:01:07,faf2809d-f71b-5254-8437-d820de96ba40,faf2809d-f71b-5254-8437-d820de96ba40,0ed3c6ae-9a69-4458-aac5-b6c3342c8954,9900,0,0,2,2,2025-07-09T08:16:31.811Z,False,9900,9900,True,SELLABLESKU,False,Cold Drinks & Juices,Instant Drink Mixes,MILLILITRE,3000,MILLILITRE,9400,4d088b94-ba43-4bf0-a881-a573862aa0a1,98cc8680-43a1-47d3-8d58-6f870cf51e88,Mapro Strawberry Fruit Crush,Mapro,India,,,,f5a6598e-7c4d-4b92-bf53-50c611cd05a0,9900,330.0,330 ml,MILLILITRE,330,6,12 months,,2,True,False,4.6,303,,,,
12/07/25 18:01:07,6ad4732b-003c-4c46-a902-2db5656f21b4,6ad4732b-003c-4c46-a902-2db5656f21b4,0ed3c6ae-9a69-4458-aac5-b6c3342c8954,9000,9,900,21,21,2025-07-12T04:37:53.640Z,False,9900,9000,True,SELLABLESKU,False,Cold Drinks & Juices,Soft Drinks,LITER,450,LITER,7600,dff3658b-c351-4e7f-8196-e98d0c66d99e,e358d59a-f7dd-4d43-83a8-a48b8ebbafa0,Pepsi Soft Drink,Pepsi,India,Varun Beverages Limited,"Varun Beverages Limited, Plot No. 31, Institutional Area, Sector - 44, Gurgaon - 122002, Haryana, India.",,82675cec-f35e-4f33-86c9-39d6b0b94f39,9900,2.25,2.25 L,LITER,2250,24,120 days,,21,False,False,4.7,10488,TIER_2,900.0,,
12/07/25 18:01:07,c77ad7bf-a35e-401c-932f-a1e445dd1650,c77ad7bf-a35e-401c-932f-a1e445dd1650,0ed3c6ae-9a69-4458-aac5-b6c3342c8954,7500,0,0,6,6,2025-07-12T09:07:47.453Z,False,7500,7500,True,SELLABLESKU,False,Cold Drinks & Juices,Fruit Juices & Drinks,MILLILITRE,600,MILLILITRE,6000,c41e2ad3-2dcc-42b6-829b-7e3a8e78d754,68b3332c-42b0-4999-ae8e-df77ecadc12e,Frooti Mango Fruit Juice,Frooti,India,Parle Agro,,"Water, Mango Pulp, Sugar, Acidity Regulator (330), Antioxidant (300). Contains Permitted (Class Ii) Preservatives (211.202.224). Contains Added Permitted Synthetic Food Colour (110) And Nature Identical Flavouring Substances (Mango).",73a33d8f-45f6-4a11-82ca-f5880412bf91,7500,1200.0,1.2 L,MILLILITRE,1200,24,179 days,per 100 ml of productEnergy (kcal) - 65Carbohydrates (g) - 16.2�Natural Sugar (g) - 2.5Added sugar (g) - 13.3Fat (g) - 0Protein (g) - 0Calcium (mg) - 8Vit A (mcg) - 120,6,False,False,4.7,6680,,,,
12/07/25 18:01:07,5d32eaf6-64e6-4fa8-8c86-c0a394b574c5,5d32eaf6-64e6-4fa8-8c86-c0a394b574c5,0ed3c6ae-9a69-4458-aac5-b6c3342c8954,3500,12,500,6,6,2025-07-12T11:41:01.902Z,False,4000,3500,True,SELLABLESKU,False,Cold Drinks & Juices,Milk Drinks,MILLILITRE,1900,MILLILITRE,3300,c5638eba-30c0-4a40-8c63-c9947fd22c16,c6e2b7d7-146e-4303-a393-f33aa183bca5,Hershey's Cookies and Cream Milkshake,Hershey's,USA,The Hershey's Company,"Hershey India Private Limited, Plot No. 5, New Industrial Area No. 1, Mandideep, Dist Raisen 462046, MP, India",,92461036-68ef-4af6-ae40-77836b4da717,4000,180.0,180 ml,MILLILITRE,180,12,9 months,,6,False,False,4.4,858,TIER_2,500.0,,
12/07/25 18:01:07,057d52e4-a0a5-48a3-90f4-a8336576a697,057d52e4-a0a5-48a3-90f4-a8336576a697,0ed3c6ae-9a69-4458-aac5-b6c3342c8954,3000,0,0,12,12,2025-07-12T04:46:56.255Z,False,3000,3000,True,SELLABLESKU,False,Cold Drinks & Juices,Water,LITER,150,LITER,3000,b783925b-6b57-4750-99f6-01ea5145ec5e,6399053f-7bde-4fd2-b1f1-76df91853fdd,Bisleri Packaged Drinking Water,Bisleri,India,BISLERI INTERNATIONAL PVT LTD,"BISLERI INTERNATIONAL PVT LTD, 29/33, UDAYAGIRI VILLAGE, DEVANAHALLI, BANGALORE-562110.",,d565b64e-9cc5-4b0d-9189-35129776abdb,3000,2.0,2 l,LITER,2,12,6 months,Typical value per 100 ml of product.Potassium (mg) - 0.1Magnesium (mg) - 0.2,12,False,False,4.8,7137,,,,
12/07/25 18:01:07,03a0dbcf-2ab6-4305-84a8-e576c37b8728,03a0dbcf-2ab6-4305-84a8-e576c37b8728,0ed3c6ae-9a69-4458-aac5-b6c3342c8954,27700,14,4800,4,4,2025-07-12T04:35:36.745Z,False,32500,27700,True,SELLABLESKU,False,Cold Drinks & Juices,Vegan Drinks,LITER,2770,LITER,19500,dcfd1067-a597-4ef0-81d6-9a3d1b9a2891,44cae3b5-1e38-4a08-9d13-f39fff737826,Epigamia Almond Milk,Epigamia,India,Drums Food International Pvt Ltd,"Drums Food International Pvt Ltd, The Centrium, Office No 2 ( Unit 302) , Phoenix Marketcity , LBS Marg, Kurla West, Mumbai 400070.",,6312bdca-1472-4df2-ae61-32e235e41ec6,32500,1.0,1 L,LITER,1,12,9 months,,4,True,False,4.7,511,TIER_2,4800.0,,
12/07/25 18:01:07,8395715f-fa33-4cd6-891c-9f129c7e5a1e,8395715f-fa33-4cd6-891c-9f129c7e5a1e,0ed3c6ae-9a69-4458-aac5-b6c3342c8954,6800,2,200,5,5,2025-07-11T11:56:24.071Z,False,7000,6800,True,SELLABLESKU,False,Cold Drinks & Juices,Water,MILLILITRE,1300,MILLILITRE,6700,b783925b-6b57-4750-99f6-01ea5145ec5e,5fc396c4-61ff-451d-9e33-ddf7b9085c5d,O'cean Beverages Peach and Passion Water,O'cean Beverages,,O'Cean Beverages,,,485fe906-4d45-4743-855e-95ff10faf503,7000,500.0,500 ml,MILLILITRE,500,12,12 months,,5,False,False,4.8,863,TIER_2,200.0,,
12/07/25 18:01:07,02f72153-1ec1-42c5-b1e2-5f7b885190a6,02f72153-1ec1-42c5-b1e2-5f7b885190a6,0ed3c6ae-9a69-4458-aac5-b6c3342c8954,3500,12,500,2,2,2025-07-11T15:58:05.768Z,False,4000,3500,True,SELLABLESKU,False,Cold Drinks & Juices,Milk Drinks,MILLILITRE,1900,MILLILITRE,3400,c5638eba-30c0-4a40-8c63-c9947fd22c16,f46e60af-448c-42c2-ba27-39429ea64394,Hershey's Vanilla Milkshake,Hershey's,USA,The Hershey's Company,"HERSHEY INDIA PVT. LTD., SCHINDLER HOUSE, HIRANANDANI GARDENS, POWAI, MUMBAI- 400076.","Water, Sugar, Milk Solids (8%), Emulsifier (460(i), 466, 471, 407), Mineral (Calcium Carbonate), Sequestrant (339(ii)), Mineral (Zinc Sulphate), Vitamin E (Acetate), Vitamin A (Acetate), Vitamin D2 (Ergocalciferol), Vitamin B1 (Thiamine Chloride Hydrochloride) and Vitamin B2 (Riboflavin) and Edible Common Salt.",15b5921f-f2b6-49b2-9d5e-ae1a8d22583a,4000,180.0,180 ml,MILLILITRE,180,8,9 months,"Energy 155.6 Kcal,Protein - 3.6g,Carbohydrates -28.54g,Sugar 21,24g,Fat 3g,Calcium - 324mg",2,False,False,4.5,558,TIER_2,500.0,,
12/07/25 18:01:07,21383217-2c62-4d32-9ddf-9b78f7e7714b,21383217-2c62-4d32-9ddf-9b78f7e7714b,0ed3c6ae-9a69-4458-aac5-b6c3342c8954,4000,0,0,24,24,2025-07-10T12:42:15.844Z,False,4000,4000,True,SELLABLESKU,False,Cold Drinks & Juices,Fruit Juices & Drinks,MILLILITRE,600,MILLILITRE,3300,c41e2ad3-2dcc-42b6-829b-7e3a8e78d754,68b3332c-42b0-4999-ae8e-df77ecadc12e,Frooti Mango Fruit Juice,Frooti,India,Parle Agro,,"Water, Mango Pulp, Sugar, Acidity Regulator (330), Antioxidant (300). Contains Permitted (Class Ii) Preservatives (211.202.224). Contains Added Permitted Synthetic Food Colour (110) And Nature Identical Flavouring Substances (Mango).",5d31041f-31fd-47b0-b1a4-cb03a40c30f4,4000,600.0,600 ml,MILLILITRE,600,24,6 months,,24,False,False,4.7,6680,,,,
12/07/25 18:01:07,60c967d8-a33c-4854-a256-6c2d21c00900,60c967d8-a33c-4854-a256-6c2d21c00900,0ed3c6ae-9a69-4458-aac5-b6c3342c8954,9300,6,600,1,1,2025-07-08T16:29:56.691Z,False,9900,9300,True,SELLABLESKU,False,Cold Drinks & Juices,Non-Alcoholic & Energy Drink,MILLILITRE,2800,MILLILITRE,8600,c6bba2b2-6b2d-4bd4-ae3d-adb6f9383393,68a91a2d-1951-45aa-917e-79a4d19535a6,3 Sisters Kiwi and Mint Non Alcoholic Drink,3 Sisters,India,,,,2757affb-1243-4cb7-8c87-e3904ef2d31a,9900,330.0,,MILLILITRE,600,6,12 months,,1,False,False,4.6,100,TIER_2,600.0,,
12/07/25 18:01:07,f161b6f1-7050-4e28-8452-67a91c900361,f161b6f1-7050-4e28-8452-67a91c900361,0ed3c6ae-9a69-4458-aac5-b6c3342c8954,24500,2,500,4,4,2025-07-10T23:46:34.227Z,False,25000,24500,True,SELLABLESKU,False,Cold Drinks & Juices,Vegan Drinks,LITER,2450,LITER,24500,dcfd1067-a597-4ef0-81d6-9a3d1b9a2891,2f5c0c5e-9d33-482c-992a-583234bd1210,Urban Platter Almond Beverage,Urban Platter,BHUTAN,,,,e8f42f9e-d316-414a-bc9b-e8080e6661ca,25000,1.0,1 L,LITER,1000,6,12 months,,4,True,False,4.8,69,TIER_2,500.0,,
14/07/25 10:39:12,8bc60eae-d9f3-4748-b334-9f62eb47a1a5,8bc60eae-d9f3-4748-b334-9f62eb47a1a5,0ed3c6ae-9a69-4458-aac5-b6c3342c8954,13500,10,1500,4,4,2025-07-11T12:10:02.176Z,False,15000,13500,True,SELLABLESKU,False,Cold Drinks & Juices,Milk Drinks,MILLILITRE,5400,MILLILITRE,13100,c5638eba-30c0-4a40-8c63-c9947fd22c16,84c37cb7-bec0-4c8b-898f-bfb2ed2c3d4f,Epigamia Turbo Coffee Protein Milkshake,Epigamia,India,,,,403f785a-8d9a-48de-8dcc-0a2c987409c2,15000,250.0,,MILLILITRE,250,6,180 days,,4,False,False,4.2,138,TIER_2,1500.0,,
14/07/25 10:39:12,6963cc27-1734-4a3f-a3e0-bab59474ed14,6963cc27-1734-4a3f-a3e0-bab59474ed14,0ed3c6ae-9a69-4458-aac5-b6c3342c8954,27000,9,2900,2,2,2025-07-12T09:47:02.937Z,False,29900,27000,True,SELLABLESKU,False,Cold Drinks & Juices,Vegan Drinks,LITER,2700,LITER,24500,dcfd1067-a597-4ef0-81d6-9a3d1b9a2891,4ec970e8-e93d-4338-b73f-ec865dbf39cc,Alt Co. Almond Milk,Alt Co.,India,Alt Co,,,2f72762b-5215-495c-a9b9-9726b553e7b0,29900,1.0,1 L,LITER,1,6,12 months,,2,True,False,4.2,270,TIER_2,2900.0,,
14/07/25 10:39:12,5abd874d-8749-533b-befb-c545833fcdb4,5abd874d-8749-533b-befb-c545833fcdb4,0ed3c6ae-9a69-4458-aac5-b6c3342c8954,54200,8,5200,4,4,2025-07-12T23:26:40.354Z,False,59400,54200,True,SELLABLESKU,False,Cold Drinks & Juices,Non-Alcoholic & Energy Drink,LITER,5420,LITER,54200,c6bba2b2-6b2d-4bd4-ae3d-adb6f9383393,cb30052e-fafd-4c4c-a608-2daebcd15aef,Coolberg Non Alcoholic Beer | Party Pack,Coolberg,India,Coolberg Beverages Pvt. Ltd,,,e2eb868d-5870-4ea4-a1b4-fc8315ccd7fa,59400,1.98,6 x 330 ml,LITER,1980,6,12 months,,4,True,False,5.0,51,TIER_2,5200.0,,
14/07/25 10:39:12,f9aaa092-ead8-5908-a6c7-ba898dbe6bfc,f9aaa092-ead8-5908-a6c7-ba898dbe6bfc,554896ba-1bc3-493a-84c2-8a0ce07c2611,60000,0,0,1,1,2025-06-09T22:33:56.414Z,False,60000,60000,True,SELLABLESKU,False,Cold Drinks & Juices,Instant Drink Mixes,PIECE,60000,PIECE,55100,4d088b94-ba43-4bf0-a881-a573862aa0a1,55063063-a172-4d4f-bff6-407fbb8acc1c,Good Monk Orange Instant Drink Mix,Good Monk,India,,,,e325840f-78b7-4364-9ef3-4b3efc64958d,60000,1.0,396 g,PIECE,396,6,12 months,,1,True,False,4.5,655,,,,
14/07/25 10:39:12,9fece867-af1c-4068-a4a5-b07785f8d917,9fece867-af1c-4068-a4a5-b07785f8d917,0ed3c6ae-9a69-4458-aac5-b6c3342c8954,4000,0,0,1,1,2025-07-12T11:52:22.103Z,False,4000,4000,True,SELLABLESKU,False,Cold Drinks & Juices,Soft Drinks,MILLILITRE,1300,MILLILITRE,3800,dff3658b-c351-4e7f-8196-e98d0c66d99e,942d73e3-7db9-4ecc-9896-4fe98624488d,Pepsi Black Cola Diet Soft Drink,Pepsi Black,India,Pepsico India Holdings Pvt. Ltd,,,c6ddb7ce-ffe7-495d-bcbd-5e8697db0e78,4000,300.0,300 ml,MILLILITRE,300,6,9 months,,1,True,False,4.6,1767,,,,
14/07/25 10:39:12,6f8c4ff4-9b9f-5612-8027-2986d564b7fd,6f8c4ff4-9b9f-5612-8027-2986d564b7fd,0ed3c6ae-9a69-4458-aac5-b6c3342c8954,21700,9,2300,3,3,2025-07-11T14:04:50.377Z,False,24000,21700,True,SELLABLESKU,False,Cold Drinks & Juices,Soda & Mixers,PIECE,1808,PIECE,20400,0df54b3f-11f6-4ada-b38a-9be38ea25eba,34fe5b5f-25d2-45a1-a284-af57a0b47a91,Bombay Banta Imli Chaska Soda,Bombay Banta,India,Bombay Banta,,,7f7b7d9c-4f8e-484e-a86c-cfe1deb7bb20,24000,12.0,1 pack (12 pcs),PIECE,3500,6,180 days,,3,True,False,4.2,143,TIER_2,2300.0,,
14/07/25 10:39:12,d72ede7f-fd2b-49da-a6dd-5e3953f9a3b3,d72ede7f-fd2b-49da-a6dd-5e3953f9a3b3,0ed3c6ae-9a69-4458-aac5-b6c3342c8954,13500,10,1500,3,3,2025-07-12T07:45:55.329Z,False,15000,13500,True,SELLABLESKU,False,Cold Drinks & Juices,Milk Drinks,MILLILITRE,5400,MILLILITRE,13300,c5638eba-30c0-4a40-8c63-c9947fd22c16,5bff2f95-169e-4503-a1bc-5e344c4fd228,Epigamia Turbo Cookies and Cream Protein Milkshake,Epigamia,India,,,,b1ca615f-5384-4135-981d-343c46308dcd,15000,250.0,,MILLILITRE,250,6,180 days,,3,False,False,4.5,207,TIER_2,1500.0,,
14/07/25 10:39:12,92b0a880-1836-40a6-833c-737a87c2398c,92b0a880-1836-40a6-833c-737a87c2398c,0ed3c6ae-9a69-4458-aac5-b6c3342c8954,25200,4,1300,2,2,2025-07-03T09:21:52.351Z,False,26500,25200,True,SELLABLESKU,False,Cold Drinks & Juices,Instant Drink Mixes,GRAM,4000,GRAM,24600,4d088b94-ba43-4bf0-a881-a573862aa0a1,e7e9ebca-b521-4c0e-94f5-2fc53815f8a3,Hershey's Caramel Syrup,Hershey's,USA,The Hershey's Company,"Max Inc GI 13, GT Industrial Area, North (Delhi), 110033.","Cane Sugar, Water, Natural and Artificial Flavor, Sodium Benzoate and Potassium Sorbate (preservatives), Citric Acid,�Caramel�Color",47458cc6-6031-47ba-b205-6a9043451aad,26500,623.0,623 g,GRAM,623,12,13 months,,2,True,False,4.8,89,TIER_2,1300.0,,
14/07/25 10:39:12,2629e188-2674-5870-bda3-a5b12868e81d,2629e188-2674-5870-bda3-a5b12868e81d,554896ba-1bc3-493a-84c2-8a0ce07c2611,60000,0,0,1,1,2025-05-27T05:33:37.163Z,False,60000,60000,True,SELLABLESKU,False,Cold Drinks & Juices,Instant Drink Mixes,PIECE,60000,PIECE,55100,4d088b94-ba43-4bf0-a881-a573862aa0a1,ac6cce08-bdc3-4a8e-abd9-15116e443516,Good Monk Mixed Berries Instant Powder Mix,Good Monk,India,,,,8ca33985-102e-4aac-b032-4733509a0d10,60000,1.0,396 g,PIECE,396,6,12 months,,1,True,False,4.2,545,,,,
14/07/25 10:39:12,dbe6aecc-11cf-44e3-932f-ded55311236f,dbe6aecc-11cf-44e3-932f-ded55311236f,0ed3c6ae-9a69-4458-aac5-b6c3342c8954,14200,4,700,2,2,2025-07-07T07:42:28.728Z,False,14900,14200,True,SELLABLESKU,False,Cold Drinks & Juices,Instant Drink Mixes,GRAM,39400,GRAM,14200,4d088b94-ba43-4bf0-a881-a573862aa0a1,2b0b8ca5-efd3-4bb2-a5c9-1600dfe275ef,Fast&Up Nightout Instant Hangover Relief Drink,Fast&up,India,,,,0676c7f0-42a1-4057-b928-5b314d5cf05d,14900,36.0,1 pack (4 pcs),GRAM,20,6,24 months,,2,True,False,4.1,69,TIER_2,700.0,,
14/07/25 10:39:12,74418328-1ac2-480e-b9b2-462ac4ca9954,74418328-1ac2-480e-b9b2-462ac4ca9954,0ed3c6ae-9a69-4458-aac5-b6c3342c8954,13500,10,1500,5,5,2025-07-11T10:16:18.044Z,False,15000,13500,True,SELLABLESKU,False,Cold Drinks & Juices,Milk Drinks,MILLILITRE,5400,MILLILITRE,13100,c5638eba-30c0-4a40-8c63-c9947fd22c16,94967248-d3e6-4284-8356-e0f05cf35477,Epigamia Turbo Vanilla and Caramel Protein Milkshake,Epigamia,India,?Drums Food International Private Limited,,,e3d82530-d213-4a84-b68d-a81f8764afa2,15000,250.0,250 ml,MILLILITRE,250,6,180 days,,5,False,False,4.4,238,TIER_2,1500.0,,
14/07/25 10:39:12,9f8c76f8-fa44-51b5-a79e-810b65848128,9f8c76f8-fa44-51b5-a79e-810b65848128,0ed3c6ae-9a69-4458-aac5-b6c3342c8954,21700,9,2300,2,2,2025-07-11T13:57:38.596Z,False,24000,21700,True,SELLABLESKU,False,Cold Drinks & Juices,Soda & Mixers,PIECE,1808,PIECE,20400,0df54b3f-11f6-4ada-b38a-9be38ea25eba,94b47ee2-1aa9-454d-95e0-6e0d7efbb6c9,Bombay Banta Kala Khatta Black Currant Soda,Bombay Banta,India,Bombay Banta,,,e71986ee-9129-455c-a887-4e1b057d3480,24000,12.0,1 pack (12 pcs),PIECE,3500,6,180 days,,2,True,False,4.7,773,TIER_2,2300.0,,
14/07/25 10:39:12,d3a60768-84d6-4bff-8855-19171c4a4645,d3a60768-84d6-4bff-8855-19171c4a4645,0ed3c6ae-9a69-4458-aac5-b6c3342c8954,37600,5,2300,1,1,2025-07-12T13:06:08.710Z,False,39900,37600,True,SELLABLESKU,False,Cold Drinks & Juices,Fruit Juices & Drinks,LITER,3760,LITER,31900,c41e2ad3-2dcc-42b6-829b-7e3a8e78d754,dc3358f1-085d-4fa3-bce6-5f603d0dae0a,Raw Pressery Valencia Orange Fruit Juice,Raw Pressery,India,Rakyan Beverages Pvt. Ltd,"Rakyan Beverages Pvt. Ltd, B-12, JWC Logistic Park Pvt. Ltd., National Highway No.17 Palaspe, Panvel, Maharashtra.","ORANGE JUICE(91.8%), ORANGE PULP, CITRUS FIBER, ANTIOXIDANT / VITAMIN C ( INS 300)",64b0ed2d-8512-4b39-b2c1-5c6c50849db6,39900,1.0,1 L,LITER,1000,12,9 months,,1,True,False,4.6,176,TIER_2,2300.0,,
14/07/25 10:39:12,912d3118-54e0-4fa1-aca8-773503c953bd,912d3118-54e0-4fa1-aca8-773503c953bd,0ed3c6ae-9a69-4458-aac5-b6c3342c8954,28300,12,4200,2,2,2025-07-14T03:57:50.555Z,False,32500,28300,True,SELLABLESKU,False,Cold Drinks & Juices,Vegan Drinks,LITER,2830,LITER,26200,dcfd1067-a597-4ef0-81d6-9a3d1b9a2891,231e4f88-15d8-4eb1-9e34-764e4aad6077,Raw Pressery Almond Milk,Raw Pressery,India,Rakyan Beverages Pvt. Ltd,"Rakyan Beverages Pvt. Ltd, B-12, JWC Logistic Park Pvt. Ltd., National Highway No.17 Palaspe, Panvel, Maharashtra.",,1b1b90cc-ad0a-4f14-81a4-14f22b8b64ac,32500,1.0,1 L,LITER,1000,8,12 months,,2,True,False,4.5,113,TIER_2,4200.0,,
14/07/25 10:39:12,4b668e76-6797-5321-8a14-2a129750e84c,4b668e76-6797-5321-8a14-2a129750e84c,554896ba-1bc3-493a-84c2-8a0ce07c2611,60000,0,0,2,2,2025-07-11T14:00:03.585Z,False,60000,60000,True,SELLABLESKU,False,Cold Drinks & Juices,Instant Drink Mixes,PIECE,60000,PIECE,55100,4d088b94-ba43-4bf0-a881-a573862aa0a1,de9335ec-12d2-412f-acff-9b04b54ca532,Good Monk Pineapple Instant Drink Mix,Good Monk,India,Vital Neutraceuticals Pvt ltd,,,dfc4eae1-4466-47da-837c-ba475bdaae27,60000,1.0,396 g,PIECE,396,6,12 months,,2,True,False,4.2,541,,,,
14/07/25 10:39:12,00c220fd-4adb-527f-bb91-4f9327ca5df1,00c220fd-4adb-527f-bb91-4f9327ca5df1,0ed3c6ae-9a69-4458-aac5-b6c3342c8954,10000,0,0,6,6,2025-07-13T09:19:12.540Z,False,10000,10000,True,SELLABLESKU,False,Cold Drinks & Juices,Fruit Juices & Drinks,LITER,1000,LITER,9600,c41e2ad3-2dcc-42b6-829b-7e3a8e78d754,e880c134-66ab-4b9e-85a4-cfa880755af3,Frooti Mango Drink,Frooti,India,,,,e4578a06-0624-4988-9e64-680698c58557,10000,1.25,10 x 125 ml,LITER,1250,6,180 days,,6,False,False,4.8,1226,,,,
14/07/25 10:39:12,c6a712c0-7384-4fc1-a46b-3c1a8ca4cca6,c6a712c0-7384-4fc1-a46b-3c1a8ca4cca6,0ed3c6ae-9a69-4458-aac5-b6c3342c8954,16200,10,1800,2,2,2025-07-13T02:25:20.334Z,False,18000,16200,True,SELLABLESKU,False,Cold Drinks & Juices,Soft Drinks,LITER,810,LITER,15300,dff3658b-c351-4e7f-8196-e98d0c66d99e,9137d726-af4c-4749-978a-95299ff21525,Bombay Banta Assorted Flavoured Soft Drink,Bombay Banta,India,,,,4f645769-2a09-4a6a-8bef-5dc6fd4625cd,18000,2.0,8 x 250 ml,LITER,2000,6,180 days,,2,True,False,4.8,71,TIER_2,1800.0,,
14/07/25 10:39:12,82ef7e7f-101e-4072-8fd8-24bc51fd6012,82ef7e7f-101e-4072-8fd8-24bc51fd6012,0ed3c6ae-9a69-4458-aac5-b6c3342c8954,11000,4,500,1,1,2025-07-12T15:57:23.836Z,False,11500,11000,True,SELLABLESKU,False,Cold Drinks & Juices,Instant Drink Mixes,GRAM,5500,GRAM,10700,4d088b94-ba43-4bf0-a881-a573862aa0a1,70255ead-049e-4f7b-bd7a-7c7d9b5d6d05,Hershey's Strawberry Syrup,Hershey's,USA,The Hershey's Company,"Hershey India Pvt Ltd, Plot, No 5, New Industrial Area No. 1, Mandideep Dist, Raisen - 462046, Madhya Pradesh.",,decb8a7d-bc15-4aa5-b610-f667e86c97f8,11500,200.0,200 g,GRAM,200,12,13 months,,1,False,False,4.4,174,TIER_2,500.0,,
14/07/25 10:39:12,0b5b2d13-f411-452c-8df2-2a9adf7a8cbb,0b5b2d13-f411-452c-8df2-2a9adf7a8cbb,0ed3c6ae-9a69-4458-aac5-b6c3342c8954,27500,6,2000,2,2,2025-06-21T06:10:32.992Z,False,29500,27500,True,SELLABLESKU,False,Cold Drinks & Juices,Non-Alcoholic & Energy Drink,PIECE,1375,PIECE,27400,c6bba2b2-6b2d-4bd4-ae3d-adb6f9383393,9d102185-1fa3-4109-84a0-e2b4067c6fd8,Fast&Up Reload Energy Drink Low Sugar Electrolyte - Berry Flavour,Fast&up,India,Fast&Up,"Fast&Up, Wing-A, Lion Sole Marg, Highland Park, Andheri West, Mumbai, Maharashtra 400102.",,4b659ece-3219-4eb8-9bf9-917c73c64361,29500,20.0,1 pack (20 pcs),PIECE,20,12,24 months,,2,True,False,5.0,65,TIER_2,2000.0,,
14/07/25 10:39:12,da9c30f1-40ba-4101-a995-311507f1ebcf,da9c30f1-40ba-4101-a995-311507f1ebcf,0ed3c6ae-9a69-4458-aac5-b6c3342c8954,60000,0,0,1,1,2025-06-30T19:07:35.688Z,False,60000,60000,True,SELLABLESKU,False,Cold Drinks & Juices,Water,PIECE,10000,PIECE,60000,b783925b-6b57-4750-99f6-01ea5145ec5e,a3ec15c5-a259-487c-9644-5b210a5a8771,Aava Sparkling Water,AAVA,India,,,,0d29a119-9f54-4071-a8b7-116cfac4dfc4,60000,6.0,6 x 500 ml,PIECE,3000,6,180 days,,1,True,False,3.9,52,,,,
14/07/25 10:39:12,776c0eb1-d8bc-4e31-9458-fe55da297135,776c0eb1-d8bc-4e31-9458-fe55da297135,0ed3c6ae-9a69-4458-aac5-b6c3342c8954,1900,5,100,6,6,2025-07-13T09:13:40.988Z,False,2000,1900,True,SELLABLESKU,False,Cold Drinks & Juices,Soft Drinks,MILLILITRE,700,MILLILITRE,1900,dff3658b-c351-4e7f-8196-e98d0c66d99e,b54a91f2-3ccb-43cf-941e-28001b9b280b,Bombay Banta Imli Jeera Soft Drink,Bombay Banta,India,,,,be528717-fa5a-4c31-a02e-a282e1e8952e,2000,250.0,,MILLILITRE,250,6,6 months,,6,False,False,4.4,768,TIER_2,100.0,,
14/07/25 10:39:12,b382babb-cac1-468b-8233-dd3e9c6686fc,b382babb-cac1-468b-8233-dd3e9c6686fc,0ed3c6ae-9a69-4458-aac5-b6c3342c8954,8000,0,0,1,1,2025-07-11T14:22:48.765Z,False,8000,8000,True,SELLABLESKU,False,Cold Drinks & Juices,Milk Drinks,MILLILITRE,4400,MILLILITRE,8000,c5638eba-30c0-4a40-8c63-c9947fd22c16,e7e3bea7-3acb-4980-abb5-50f0406a7780,Epigamia Greek Yogurt Blueberry Smoothie,Epigamia,India,Drums Food International Pvt Ltd,"Drums Food International Pvt Ltd, The Centrium, Office No 2 ( Unit 302) , Phoenix Marketcity , LBS Marg, Kurla West, Mumbai 400070.","Greek Yogurt (Pasteurized Double Toned Milk, Milk Solids, Stabilizing Agent (Pectin Ins 440), Permitted Starter Cultures), Processed Blueberry Pulp (Sugar, Blueberry Puree, Water, Stabilizing Agent (Pectin Ins 440), Lemon Juice Concentrate) Total Fruit Content: 3%",52cd9ab1-a85b-41fe-b213-341e3dfd82d6,8000,180.0,180 ml,MILLILITRE,200,12,30 days,,1,False,False,4.7,205,,,,
14/07/25 10:39:12,67d71fc1-de0e-4986-b477-d47a7bffed7f,67d71fc1-de0e-4986-b477-d47a7bffed7f,0ed3c6ae-9a69-4458-aac5-b6c3342c8954,27900,5,1600,3,3,2025-07-12T06:31:42.147Z,False,29500,27900,True,SELLABLESKU,False,Cold Drinks & Juices,Vegan Drinks,LITER,2790,LITER,27800,dcfd1067-a597-4ef0-81d6-9a3d1b9a2891,48dd7ede-e731-4b0a-ae7e-ea6393f13751,Only Earth Organic Coconut Drink,Only Earth,India,Naturise Consumer Products Pvt Ltd,"Naturise Consumer Products Pvt Ltd, 109, Vellala stree, Purasawalkam, Chennai 600084.",,7e1d7282-d490-4373-a4c7-1c7e44976830,29500,1.0,1 L,LITER,1000,12,12 months,,3,True,False,4.6,66,TIER_2,1600.0,,
14/07/25 10:39:12,31db9e03-a710-4fe7-a5c6-1a2df0714a24,31db9e03-a710-4fe7-a5c6-1a2df0714a24,0ed3c6ae-9a69-4458-aac5-b6c3342c8954,28300,8,2700,2,2,2025-07-11T14:00:59.382Z,False,31000,28300,True,SELLABLESKU,False,Cold Drinks & Juices,Non-Alcoholic & Energy Drink,PIECE,28300,PIECE,28200,c6bba2b2-6b2d-4bd4-ae3d-adb6f9383393,cef29fdf-0563-4666-b017-4cdc8b91d851,Fast&Up Reload Zero Sugar Energy Drink for Hydration - Ice Current Flavour,Fast&up,India,AERONUTRIX SPORTS PRODUCTS PVT LTD,,,a882b6ec-f992-435e-946e-aaad037ca556,31000,1.0,1 pack (22 pcs),PIECE,150,6,24 months,,2,True,False,4.6,981,TIER_2,2700.0,,
14/07/25 10:39:12,8126b483-30e5-5e25-91d6-48f86c9a692a,8126b483-30e5-5e25-91d6-48f86c9a692a,0ed3c6ae-9a69-4458-aac5-b6c3342c8954,60000,0,0,1,1,2025-07-11T13:54:37.210Z,False,60000,60000,True,SELLABLESKU,False,Cold Drinks & Juices,Water,PIECE,60000,PIECE,60000,b783925b-6b57-4750-99f6-01ea5145ec5e,81efb389-67b7-441c-9610-94cea61bb405,Evocus Natural Black Alkaline Water,Evocus,India,Evocus,,,df6aa881-f64c-4e06-a2c9-63e792d2c679,60000,1.0,1 pack (6 pcs),PIECE,3000,6,12 months,,1,True,False,4.2,68,,,,
14/07/25 10:39:12,9f018423-4088-466b-ab3d-b7a1d6f1f342,9f018423-4088-466b-ab3d-b7a1d6f1f342,0ed3c6ae-9a69-4458-aac5-b6c3342c8954,13500,0,0,2,2,2025-07-11T16:14:51.989Z,False,13500,13500,True,SELLABLESKU,False,Cold Drinks & Juices,Instant Drink Mixes,GRAM,12200,GRAM,13000,4d088b94-ba43-4bf0-a881-a573862aa0a1,a0b8811a-46da-4f3d-a436-469ff77115f0,hershey's Chocolate Instant Powder Mix,hershey's,India,Hershey's India,,,9e382434-e4ab-4571-8a8f-30f95b9ac3ee,13500,110.0,,GRAM,110,6,12 months,,2,False,False,4.7,266,,,,
14/07/25 10:39:12,eb7cd8e8-4983-4bda-8708-4912c8606caa,eb7cd8e8-4983-4bda-8708-4912c8606caa,0ed3c6ae-9a69-4458-aac5-b6c3342c8954,27500,6,2000,3,3,2025-07-07T22:29:56.289Z,False,29500,27500,True,SELLABLESKU,False,Cold Drinks & Juices,Non-Alcoholic & Energy Drink,PIECE,1375,PIECE,26000,c6bba2b2-6b2d-4bd4-ae3d-adb6f9383393,58329075-f4bb-4131-833f-6fd4653c8a12,Fast&Up Reload Energy Drink Low Sugar Electrolyte - Lime Lemon Flavour,Fast&up,India,Fast&Up,"Fast&Up, Wing-A, Lion Sole Marg, Highland Park, Andheri West, Mumbai, Maharashtra 400102.",,ea62fbf8-dc72-4655-97a8-1f891789341d,29500,20.0,1 pack (20 pcs),PIECE,20,12,24 months,,3,True,False,4.9,87,TIER_2,2000.0,,
14/07/25 10:39:12,9426d764-f832-4944-9ab8-48f0cd58e538,9426d764-f832-4944-9ab8-48f0cd58e538,0ed3c6ae-9a69-4458-aac5-b6c3342c8954,1900,5,100,6,6,2025-07-13T14:21:27.190Z,False,2000,1900,True,SELLABLESKU,False,Cold Drinks & Juices,Soft Drinks,MILLILITRE,700,MILLILITRE,1900,dff3658b-c351-4e7f-8196-e98d0c66d99e,adea52e2-48a2-4ebb-a358-868aaa04666d,Bombay Banta Lemon Soda Soft Drink,Bombay Banta,India,,,,3a989903-630f-49ac-b170-7b2c7bc1a2ab,2000,250.0,,MILLILITRE,250,6,6 months,,6,False,False,4.6,876,TIER_2,100.0,,
14/07/25 10:39:12,84e7d14d-3516-4965-ba43-3bccefb57aea,84e7d14d-3516-4965-ba43-3bccefb57aea,0ed3c6ae-9a69-4458-aac5-b6c3342c8954,7000,12,1000,1,1,2025-07-11T14:04:32.721Z,False,8000,7000,True,SELLABLESKU,False,Cold Drinks & Juices,Soda & Mixers,MILLILITRE,2800,MILLILITRE,7000,0df54b3f-11f6-4ada-b38a-9be38ea25eba,6196eb9e-3764-4e04-90e8-1be1b9d3c38c,3 Sisters Jeera Masala Soda,3 Sisters,India,Adhar Beverages Private Limited,,,e9977cfb-3bc9-4b2c-b10f-d1c4dd490f8c,8000,250.0,,MILLILITRE,270,6,18 months,,1,False,False,4.4,823,TIER_2,1000.0,,
14/07/25 10:39:12,62394c03-65d3-42a6-a565-f071079f120c,62394c03-65d3-42a6-a565-f071079f120c,0ed3c6ae-9a69-4458-aac5-b6c3342c8954,27600,8,2400,2,2,2025-07-13T10:26:35.325Z,False,30000,27600,True,SELLABLESKU,False,Cold Drinks & Juices,Vegan Drinks,LITER,2760,LITER,25800,dcfd1067-a597-4ef0-81d6-9a3d1b9a2891,a4d67bda-f8f2-4aa3-af00-3f18582c98ce,So Good Plant Based Almond Milk,So Good,India,Life Health Foods India Pvt Ltd,"Life Health Foods India Pvt Ltd No.510, Atlanta Estate, Dr.Ambedkar Chowk, Off. W.E. Highway,Goregaon(E), Mumbai.",Almond Milk,046dd783-2e2f-456c-b320-d5e0c8bf93dc,30000,1.0,1 L,LITER,1000,6,12 months,,2,True,False,4.7,101,TIER_2,2400.0,,
14/07/25 10:39:12,97009cfc-d553-5fd7-acad-7cd478aad164,97009cfc-d553-5fd7-acad-7cd478aad164,0ed3c6ae-9a69-4458-aac5-b6c3342c8954,1500,0,0,6,6,2025-07-13T16:58:55.081Z,False,1500,1500,True,SELLABLESKU,False,Cold Drinks & Juices,Milk Drinks,MILLILITRE,800,MILLILITRE,1300,c5638eba-30c0-4a40-8c63-c9947fd22c16,f7700c38-1875-45ab-8093-cf881029b677,Smoodh Chaas Masala Flavoured Buttermilk Pet,Smoodh,India,,,,3e857b3a-5a46-417f-b8bb-771339952771,1500,180.0,,MILLILITRE,180,6,180 days,,6,False,False,4.2,755,,,,
14/07/25 10:39:12,c6ea23f2-d175-4f33-9ecf-9c7e163981b5,c6ea23f2-d175-4f33-9ecf-9c7e163981b5,0ed3c6ae-9a69-4458-aac5-b6c3342c8954,1900,5,100,6,6,2025-07-13T19:11:15.972Z,False,2000,1900,True,SELLABLESKU,False,Cold Drinks & Juices,Soft Drinks,MILLILITRE,700,MILLILITRE,1900,dff3658b-c351-4e7f-8196-e98d0c66d99e,f9538f84-908d-4416-a688-506915f46275,Bombay Banta Kala Khatta Soft Drink,Bombay Banta,India,,,,d70671c3-dfcc-4cf5-a1e0-157f822cd4a5,2000,250.0,,MILLILITRE,250,6,6 months,,6,False,False,4.4,1480,TIER_2,100.0,,
14/07/25 10:47:22,8bc60eae-d9f3-4748-b334-9f62eb47a1a5,8bc60eae-d9f3-4748-b334-9f62eb47a1a5,0ed3c6ae-9a69-4458-aac5-b6c3342c8954,13500,10,1500,4,4,2025-07-11T12:10:02.176Z,False,15000,13500,True,SELLABLESKU,False,Cold Drinks & Juices,Milk Drinks,MILLILITRE,5400,MILLILITRE,13100,c5638eba-30c0-4a40-8c63-c9947fd22c16,84c37cb7-bec0-4c8b-898f-bfb2ed2c3d4f,Epigamia Turbo Coffee Protein Milkshake,Epigamia,India,,,,403f785a-8d9a-48de-8dcc-0a2c987409c2,15000,250.0,,MILLILITRE,250,6,180 days,,4,False,False,4.2,138,TIER_2,1500.0,,
14/07/25 10:47:22,6963cc27-1734-4a3f-a3e0-bab59474ed14,6963cc27-1734-4a3f-a3e0-bab59474ed14,0ed3c6ae-9a69-4458-aac5-b6c3342c8954,27000,9,2900,2,2,2025-07-12T09:47:02.937Z,False,29900,27000,True,SELLABLESKU,False,Cold Drinks & Juices,Vegan Drinks,LITER,2700,LITER,24500,dcfd1067-a597-4ef0-81d6-9a3d1b9a2891,4ec970e8-e93d-4338-b73f-ec865dbf39cc,Alt Co. Almond Milk,Alt Co.,India,Alt Co,,,2f72762b-5215-495c-a9b9-9726b553e7b0,29900,1.0,1 L,LITER,1,6,12 months,,2,True,False,4.2,270,TIER_2,2900.0,,
14/07/25 10:47:22,5abd874d-8749-533b-befb-c545833fcdb4,5abd874d-8749-533b-befb-c545833fcdb4,0ed3c6ae-9a69-4458-aac5-b6c3342c8954,54200,8,5200,4,4,2025-07-12T23:26:40.354Z,False,59400,54200,True,SELLABLESKU,False,Cold Drinks & Juices,Non-Alcoholic & Energy Drink,LITER,5420,LITER,54200,c6bba2b2-6b2d-4bd4-ae3d-adb6f9383393,cb30052e-fafd-4c4c-a608-2daebcd15aef,Coolberg Non Alcoholic Beer | Party Pack,Coolberg,India,Coolberg Beverages Pvt. Ltd,,,e2eb868d-5870-4ea4-a1b4-fc8315ccd7fa,59400,1.98,6 x 330 ml,LITER,1980,6,12 months,,4,True,False,5.0,51,TIER_2,5200.0,,
14/07/25 10:47:22,f9aaa092-ead8-5908-a6c7-ba898dbe6bfc,f9aaa092-ead8-5908-a6c7-ba898dbe6bfc,554896ba-1bc3-493a-84c2-8a0ce07c2611,60000,0,0,1,1,2025-06-09T22:33:56.414Z,False,60000,60000,True,SELLABLESKU,False,Cold Drinks & Juices,Instant Drink Mixes,PIECE,60000,PIECE,55100,4d088b94-ba43-4bf0-a881-a573862aa0a1,55063063-a172-4d4f-bff6-407fbb8acc1c,Good Monk Orange Instant Drink Mix,Good Monk,India,,,,e325840f-78b7-4364-9ef3-4b3efc64958d,60000,1.0,396 g,PIECE,396,6,12 months,,1,True,False,4.5,655,,,,
14/07/25 10:47:22,9fece867-af1c-4068-a4a5-b07785f8d917,9fece867-af1c-4068-a4a5-b07785f8d917,0ed3c6ae-9a69-4458-aac5-b6c3342c8954,4000,0,0,1,1,2025-07-12T11:52:22.103Z,False,4000,4000,True,SELLABLESKU,False,Cold Drinks & Juices,Soft Drinks,MILLILITRE,1300,MILLILITRE,3800,dff3658b-c351-4e7f-8196-e98d0c66d99e,942d73e3-7db9-4ecc-9896-4fe98624488d,Pepsi Black Cola Diet Soft Drink,Pepsi Black,India,Pepsico India Holdings Pvt. Ltd,,,c6ddb7ce-ffe7-495d-bcbd-5e8697db0e78,4000,300.0,300 ml,MILLILITRE,300,6,9 months,,1,True,False,4.6,1767,,,,
14/07/25 10:47:22,6f8c4ff4-9b9f-5612-8027-2986d564b7fd,6f8c4ff4-9b9f-5612-8027-2986d564b7fd,0ed3c6ae-9a69-4458-aac5-b6c3342c8954,21700,9,2300,3,3,2025-07-11T14:04:50.377Z,False,24000,21700,True,SELLABLESKU,False,Cold Drinks & Juices,Soda & Mixers,PIECE,1808,PIECE,20400,0df54b3f-11f6-4ada-b38a-9be38ea25eba,34fe5b5f-25d2-45a1-a284-af57a0b47a91,Bombay Banta Imli Chaska Soda,Bombay Banta,India,Bombay Banta,,,7f7b7d9c-4f8e-484e-a86c-cfe1deb7bb20,24000,12.0,1 pack (12 pcs),PIECE,3500,6,180 days,,3,True,False,4.2,143,TIER_2,2300.0,,
14/07/25 10:47:22,d72ede7f-fd2b-49da-a6dd-5e3953f9a3b3,d72ede7f-fd2b-49da-a6dd-5e3953f9a3b3,0ed3c6ae-9a69-4458-aac5-b6c3342c8954,13500,10,1500,3,3,2025-07-12T07:45:55.329Z,False,15000,13500,True,SELLABLESKU,False,Cold Drinks & Juices,Milk Drinks,MILLILITRE,5400,MILLILITRE,13300,c5638eba-30c0-4a40-8c63-c9947fd22c16,5bff2f95-169e-4503-a1bc-5e344c4fd228,Epigamia Turbo Cookies and Cream Protein Milkshake,Epigamia,India,,,,b1ca615f-5384-4135-981d-343c46308dcd,15000,250.0,,MILLILITRE,250,6,180 days,,3,False,False,4.5,207,TIER_2,1500.0,,
14/07/25 10:47:22,92b0a880-1836-40a6-833c-737a87c2398c,92b0a880-1836-40a6-833c-737a87c2398c,0ed3c6ae-9a69-4458-aac5-b6c3342c8954,25200,4,1300,2,2,2025-07-03T09:21:52.351Z,False,26500,25200,True,SELLABLESKU,False,Cold Drinks & Juices,Instant Drink Mixes,GRAM,4000,GRAM,24600,4d088b94-ba43-4bf0-a881-a573862aa0a1,e7e9ebca-b521-4c0e-94f5-2fc53815f8a3,Hershey's Caramel Syrup,Hershey's,USA,The Hershey's Company,"Max Inc GI 13, GT Industrial Area, North (Delhi), 110033.","Cane Sugar, Water, Natural and Artificial Flavor, Sodium Benzoate and Potassium Sorbate (preservatives), Citric Acid,�Caramel�Color",47458cc6-6031-47ba-b205-6a9043451aad,26500,623.0,623 g,GRAM,623,12,13 months,,2,True,False,4.8,89,TIER_2,1300.0,,
14/07/25 10:47:22,2629e188-2674-5870-bda3-a5b12868e81d,2629e188-2674-5870-bda3-a5b12868e81d,554896ba-1bc3-493a-84c2-8a0ce07c2611,60000,0,0,1,1,2025-05-27T05:33:37.163Z,False,60000,60000,True,SELLABLESKU,False,Cold Drinks & Juices,Instant Drink Mixes,PIECE,60000,PIECE,55100,4d088b94-ba43-4bf0-a881-a573862aa0a1,ac6cce08-bdc3-4a8e-abd9-15116e443516,Good Monk Mixed Berries Instant Powder Mix,Good Monk,India,,,,8ca33985-102e-4aac-b032-4733509a0d10,60000,1.0,396 g,PIECE,396,6,12 months,,1,True,False,4.2,545,,,,
14/07/25 10:47:22,dbe6aecc-11cf-44e3-932f-ded55311236f,dbe6aecc-11cf-44e3-932f-ded55311236f,0ed3c6ae-9a69-4458-aac5-b6c3342c8954,14200,4,700,2,2,2025-07-07T07:42:28.728Z,False,14900,14200,True,SELLABLESKU,False,Cold Drinks & Juices,Instant Drink Mixes,GRAM,39400,GRAM,14200,4d088b94-ba43-4bf0-a881-a573862aa0a1,2b0b8ca5-efd3-4bb2-a5c9-1600dfe275ef,Fast&Up Nightout Instant Hangover Relief Drink,Fast&up,India,,,,0676c7f0-42a1-4057-b928-5b314d5cf05d,14900,36.0,1 pack (4 pcs),GRAM,20,6,24 months,,2,True,False,4.1,69,TIER_2,700.0,,
14/07/25 10:47:22,74418328-1ac2-480e-b9b2-462ac4ca9954,74418328-1ac2-480e-b9b2-462ac4ca9954,0ed3c6ae-9a69-4458-aac5-b6c3342c8954,13500,10,1500,5,5,2025-07-11T10:16:18.044Z,False,15000,13500,True,SELLABLESKU,False,Cold Drinks & Juices,Milk Drinks,MILLILITRE,5400,MILLILITRE,13100,c5638eba-30c0-4a40-8c63-c9947fd22c16,94967248-d3e6-4284-8356-e0f05cf35477,Epigamia Turbo Vanilla and Caramel Protein Milkshake,Epigamia,India,?Drums Food International Private Limited,,,e3d82530-d213-4a84-b68d-a81f8764afa2,15000,250.0,250 ml,MILLILITRE,250,6,180 days,,5,False,False,4.4,238,TIER_2,1500.0,,
14/07/25 10:47:22,9f8c76f8-fa44-51b5-a79e-810b65848128,9f8c76f8-fa44-51b5-a79e-810b65848128,0ed3c6ae-9a69-4458-aac5-b6c3342c8954,21700,9,2300,2,2,2025-07-11T13:57:38.596Z,False,24000,21700,True,SELLABLESKU,False,Cold Drinks & Juices,Soda & Mixers,PIECE,1808,PIECE,20400,0df54b3f-11f6-4ada-b38a-9be38ea25eba,94b47ee2-1aa9-454d-95e0-6e0d7efbb6c9,Bombay Banta Kala Khatta Black Currant Soda,Bombay Banta,India,Bombay Banta,,,e71986ee-9129-455c-a887-4e1b057d3480,24000,12.0,1 pack (12 pcs),PIECE,3500,6,180 days,,2,True,False,4.7,773,TIER_2,2300.0,,
14/07/25 10:47:22,d3a60768-84d6-4bff-8855-19171c4a4645,d3a60768-84d6-4bff-8855-19171c4a4645,0ed3c6ae-9a69-4458-aac5-b6c3342c8954,37600,5,2300,1,1,2025-07-12T13:06:08.710Z,False,39900,37600,True,SELLABLESKU,False,Cold Drinks & Juices,Fruit Juices & Drinks,LITER,3760,LITER,31900,c41e2ad3-2dcc-42b6-829b-7e3a8e78d754,dc3358f1-085d-4fa3-bce6-5f603d0dae0a,Raw Pressery Valencia Orange Fruit Juice,Raw Pressery,India,Rakyan Beverages Pvt. Ltd,"Rakyan Beverages Pvt. Ltd, B-12, JWC Logistic Park Pvt. Ltd., National Highway No.17 Palaspe, Panvel, Maharashtra.","ORANGE JUICE(91.8%), ORANGE PULP, CITRUS FIBER, ANTIOXIDANT / VITAMIN C ( INS 300)",64b0ed2d-8512-4b39-b2c1-5c6c50849db6,39900,1.0,1 L,LITER,1000,12,9 months,,1,True,False,4.6,176,TIER_2,2300.0,,
14/07/25 10:47:22,912d3118-54e0-4fa1-aca8-773503c953bd,912d3118-54e0-4fa1-aca8-773503c953bd,0ed3c6ae-9a69-4458-aac5-b6c3342c8954,28300,12,4200,2,2,2025-07-14T03:57:50.555Z,False,32500,28300,True,SELLABLESKU,False,Cold Drinks & Juices,Vegan Drinks,LITER,2830,LITER,26200,dcfd1067-a597-4ef0-81d6-9a3d1b9a2891,231e4f88-15d8-4eb1-9e34-764e4aad6077,Raw Pressery Almond Milk,Raw Pressery,India,Rakyan Beverages Pvt. Ltd,"Rakyan Beverages Pvt. Ltd, B-12, JWC Logistic Park Pvt. Ltd., National Highway No.17 Palaspe, Panvel, Maharashtra.",,1b1b90cc-ad0a-4f14-81a4-14f22b8b64ac,32500,1.0,1 L,LITER,1000,8,12 months,,2,True,False,4.5,113,TIER_2,4200.0,,
14/07/25 10:47:22,4b668e76-6797-5321-8a14-2a129750e84c,4b668e76-6797-5321-8a14-2a129750e84c,554896ba-1bc3-493a-84c2-8a0ce07c2611,60000,0,0,2,2,2025-07-11T14:00:03.585Z,False,60000,60000,True,SELLABLESKU,False,Cold Drinks & Juices,Instant Drink Mixes,PIECE,60000,PIECE,55100,4d088b94-ba43-4bf0-a881-a573862aa0a1,de9335ec-12d2-412f-acff-9b04b54ca532,Good Monk Pineapple Instant Drink Mix,Good Monk,India,Vital Neutraceuticals Pvt ltd,,,dfc4eae1-4466-47da-837c-ba475bdaae27,60000,1.0,396 g,PIECE,396,6,12 months,,2,True,False,4.2,541,,,,
14/07/25 10:47:22,00c220fd-4adb-527f-bb91-4f9327ca5df1,00c220fd-4adb-527f-bb91-4f9327ca5df1,0ed3c6ae-9a69-4458-aac5-b6c3342c8954,10000,0,0,6,6,2025-07-13T09:19:12.540Z,False,10000,10000,True,SELLABLESKU,False,Cold Drinks & Juices,Fruit Juices & Drinks,LITER,1000,LITER,9600,c41e2ad3-2dcc-42b6-829b-7e3a8e78d754,e880c134-66ab-4b9e-85a4-cfa880755af3,Frooti Mango Drink,Frooti,India,,,,e4578a06-0624-4988-9e64-680698c58557,10000,1.25,10 x 125 ml,LITER,1250,6,180 days,,6,False,False,4.8,1226,,,,
14/07/25 10:47:22,c6a712c0-7384-4fc1-a46b-3c1a8ca4cca6,c6a712c0-7384-4fc1-a46b-3c1a8ca4cca6,0ed3c6ae-9a69-4458-aac5-b6c3342c8954,16200,10,1800,2,2,2025-07-13T02:25:20.334Z,False,18000,16200,True,SELLABLESKU,False,Cold Drinks & Juices,Soft Drinks,LITER,810,LITER,15300,dff3658b-c351-4e7f-8196-e98d0c66d99e,9137d726-af4c-4749-978a-95299ff21525,Bombay Banta Assorted Flavoured Soft Drink,Bombay Banta,India,,,,4f645769-2a09-4a6a-8bef-5dc6fd4625cd,18000,2.0,8 x 250 ml,LITER,2000,6,180 days,,2,True,False,4.8,71,TIER_2,1800.0,,
14/07/25 10:47:22,82ef7e7f-101e-4072-8fd8-24bc51fd6012,82ef7e7f-101e-4072-8fd8-24bc51fd6012,0ed3c6ae-9a69-4458-aac5-b6c3342c8954,11000,4,500,1,1,2025-07-12T15:57:23.836Z,False,11500,11000,True,SELLABLESKU,False,Cold Drinks & Juices,Instant Drink Mixes,GRAM,5500,GRAM,10700,4d088b94-ba43-4bf0-a881-a573862aa0a1,70255ead-049e-4f7b-bd7a-7c7d9b5d6d05,Hershey's Strawberry Syrup,Hershey's,USA,The Hershey's Company,"Hershey India Pvt Ltd, Plot, No 5, New Industrial Area No. 1, Mandideep Dist, Raisen - 462046, Madhya Pradesh.",,decb8a7d-bc15-4aa5-b610-f667e86c97f8,11500,200.0,200 g,GRAM,200,12,13 months,,1,False,False,4.4,174,TIER_2,500.0,,
14/07/25 10:47:22,0b5b2d13-f411-452c-8df2-2a9adf7a8cbb,0b5b2d13-f411-452c-8df2-2a9adf7a8cbb,0ed3c6ae-9a69-4458-aac5-b6c3342c8954,27500,6,2000,2,2,2025-06-21T06:10:32.992Z,False,29500,27500,True,SELLABLESKU,False,Cold Drinks & Juices,Non-Alcoholic & Energy Drink,PIECE,1375,PIECE,27400,c6bba2b2-6b2d-4bd4-ae3d-adb6f9383393,9d102185-1fa3-4109-84a0-e2b4067c6fd8,Fast&Up Reload Energy Drink Low Sugar Electrolyte - Berry Flavour,Fast&up,India,Fast&Up,"Fast&Up, Wing-A, Lion Sole Marg, Highland Park, Andheri West, Mumbai, Maharashtra 400102.",,4b659ece-3219-4eb8-9bf9-917c73c64361,29500,20.0,1 pack (20 pcs),PIECE,20,12,24 months,,2,True,False,5.0,65,TIER_2,2000.0,,
14/07/25 10:47:22,da9c30f1-40ba-4101-a995-311507f1ebcf,da9c30f1-40ba-4101-a995-311507f1ebcf,0ed3c6ae-9a69-4458-aac5-b6c3342c8954,60000,0,0,1,1,2025-06-30T19:07:35.688Z,False,60000,60000,True,SELLABLESKU,False,Cold Drinks & Juices,Water,PIECE,10000,PIECE,60000,b783925b-6b57-4750-99f6-01ea5145ec5e,a3ec15c5-a259-487c-9644-5b210a5a8771,Aava Sparkling Water,AAVA,India,,,,0d29a119-9f54-4071-a8b7-116cfac4dfc4,60000,6.0,6 x 500 ml,PIECE,3000,6,180 days,,1,True,False,3.9,52,,,,
14/07/25 10:47:22,776c0eb1-d8bc-4e31-9458-fe55da297135,776c0eb1-d8bc-4e31-9458-fe55da297135,0ed3c6ae-9a69-4458-aac5-b6c3342c8954,1900,5,100,6,6,2025-07-13T09:13:40.988Z,False,2000,1900,True,SELLABLESKU,False,Cold Drinks & Juices,Soft Drinks,MILLILITRE,700,MILLILITRE,1900,dff3658b-c351-4e7f-8196-e98d0c66d99e,b54a91f2-3ccb-43cf-941e-28001b9b280b,Bombay Banta Imli Jeera Soft Drink,Bombay Banta,India,,,,be528717-fa5a-4c31-a02e-a282e1e8952e,2000,250.0,,MILLILITRE,250,6,6 months,,6,False,False,4.4,768,TIER_2,100.0,,
14/07/25 10:47:22,b382babb-cac1-468b-8233-dd3e9c6686fc,b382babb-cac1-468b-8233-dd3e9c6686fc,0ed3c6ae-9a69-4458-aac5-b6c3342c8954,8000,0,0,1,1,2025-07-11T14:22:48.765Z,False,8000,8000,True,SELLABLESKU,False,Cold Drinks & Juices,Milk Drinks,MILLILITRE,4400,MILLILITRE,8000,c5638eba-30c0-4a40-8c63-c9947fd22c16,e7e3bea7-3acb-4980-abb5-50f0406a7780,Epigamia Greek Yogurt Blueberry Smoothie,Epigamia,India,Drums Food International Pvt Ltd,"Drums Food International Pvt Ltd, The Centrium, Office No 2 ( Unit 302) , Phoenix Marketcity , LBS Marg, Kurla West, Mumbai 400070.","Greek Yogurt (Pasteurized Double Toned Milk, Milk Solids, Stabilizing Agent (Pectin Ins 440), Permitted Starter Cultures), Processed Blueberry Pulp (Sugar, Blueberry Puree, Water, Stabilizing Agent (Pectin Ins 440), Lemon Juice Concentrate) Total Fruit Content: 3%",52cd9ab1-a85b-41fe-b213-341e3dfd82d6,8000,180.0,180 ml,MILLILITRE,200,12,30 days,,1,False,False,4.7,205,,,,
14/07/25 10:47:22,67d71fc1-de0e-4986-b477-d47a7bffed7f,67d71fc1-de0e-4986-b477-d47a7bffed7f,0ed3c6ae-9a69-4458-aac5-b6c3342c8954,27900,5,1600,3,3,2025-07-12T06:31:42.147Z,False,29500,27900,True,SELLABLESKU,False,Cold Drinks & Juices,Vegan Drinks,LITER,2790,LITER,27800,dcfd1067-a597-4ef0-81d6-9a3d1b9a2891,48dd7ede-e731-4b0a-ae7e-ea6393f13751,Only Earth Organic Coconut Drink,Only Earth,India,Naturise Consumer Products Pvt Ltd,"Naturise Consumer Products Pvt Ltd, 109, Vellala stree, Purasawalkam, Chennai 600084.",,7e1d7282-d490-4373-a4c7-1c7e44976830,29500,1.0,1 L,LITER,1000,12,12 months,,3,True,False,4.6,66,TIER_2,1600.0,,
14/07/25 10:47:22,31db9e03-a710-4fe7-a5c6-1a2df0714a24,31db9e03-a710-4fe7-a5c6-1a2df0714a24,0ed3c6ae-9a69-4458-aac5-b6c3342c8954,28300,8,2700,2,2,2025-07-11T14:00:59.382Z,False,31000,28300,True,SELLABLESKU,False,Cold Drinks & Juices,Non-Alcoholic & Energy Drink,PIECE,28300,PIECE,28200,c6bba2b2-6b2d-4bd4-ae3d-adb6f9383393,cef29fdf-0563-4666-b017-4cdc8b91d851,Fast&Up Reload Zero Sugar Energy Drink for Hydration - Ice Current Flavour,Fast&up,India,AERONUTRIX SPORTS PRODUCTS PVT LTD,,,a882b6ec-f992-435e-946e-aaad037ca556,31000,1.0,1 pack (22 pcs),PIECE,150,6,24 months,,2,True,False,4.6,981,TIER_2,2700.0,,
14/07/25 10:47:22,8126b483-30e5-5e25-91d6-48f86c9a692a,8126b483-30e5-5e25-91d6-48f86c9a692a,0ed3c6ae-9a69-4458-aac5-b6c3342c8954,60000,0,0,1,1,2025-07-11T13:54:37.210Z,False,60000,60000,True,SELLABLESKU,False,Cold Drinks & Juices,Water,PIECE,60000,PIECE,60000,b783925b-6b57-4750-99f6-01ea5145ec5e,81efb389-67b7-441c-9610-94cea61bb405,Evocus Natural Black Alkaline Water,Evocus,India,Evocus,,,df6aa881-f64c-4e06-a2c9-63e792d2c679,60000,1.0,1 pack (6 pcs),PIECE,3000,6,12 months,,1,True,False,4.2,68,,,,
14/07/25 10:47:22,9f018423-4088-466b-ab3d-b7a1d6f1f342,9f018423-4088-466b-ab3d-b7a1d6f1f342,0ed3c6ae-9a69-4458-aac5-b6c3342c8954,13500,0,0,2,2,2025-07-11T16:14:51.989Z,False,13500,13500,True,SELLABLESKU,False,Cold Drinks & Juices,Instant Drink Mixes,GRAM,12200,GRAM,13000,4d088b94-ba43-4bf0-a881-a573862aa0a1,a0b8811a-46da-4f3d-a436-469ff77115f0,hershey's Chocolate Instant Powder Mix,hershey's,India,Hershey's India,,,9e382434-e4ab-4571-8a8f-30f95b9ac3ee,13500,110.0,,GRAM,110,6,12 months,,2,False,False,4.7,266,,,,
14/07/25 10:47:22,eb7cd8e8-4983-4bda-8708-4912c8606caa,eb7cd8e8-4983-4bda-8708-4912c8606caa,0ed3c6ae-9a69-4458-aac5-b6c3342c8954,27500,6,2000,3,3,2025-07-07T22:29:56.289Z,False,29500,27500,True,SELLABLESKU,False,Cold Drinks & Juices,Non-Alcoholic & Energy Drink,PIECE,1375,PIECE,26000,c6bba2b2-6b2d-4bd4-ae3d-adb6f9383393,58329075-f4bb-4131-833f-6fd4653c8a12,Fast&Up Reload Energy Drink Low Sugar Electrolyte - Lime Lemon Flavour,Fast&up,India,Fast&Up,"Fast&Up, Wing-A, Lion Sole Marg, Highland Park, Andheri West, Mumbai, Maharashtra 400102.",,ea62fbf8-dc72-4655-97a8-1f891789341d,29500,20.0,1 pack (20 pcs),PIECE,20,12,24 months,,3,True,False,4.9,87,TIER_2,2000.0,,
14/07/25 10:47:22,9426d764-f832-4944-9ab8-48f0cd58e538,9426d764-f832-4944-9ab8-48f0cd58e538,0ed3c6ae-9a69-4458-aac5-b6c3342c8954,1900,5,100,6,6,2025-07-13T14:21:27.190Z,False,2000,1900,True,SELLABLESKU,False,Cold Drinks & Juices,Soft Drinks,MILLILITRE,700,MILLILITRE,1900,dff3658b-c351-4e7f-8196-e98d0c66d99e,adea52e2-48a2-4ebb-a358-868aaa04666d,Bombay Banta Lemon Soda Soft Drink,Bombay Banta,India,,,,3a989903-630f-49ac-b170-7b2c7bc1a2ab,2000,250.0,,MILLILITRE,250,6,6 months,,6,False,False,4.6,876,TIER_2,100.0,,
14/07/25 10:47:22,84e7d14d-3516-4965-ba43-3bccefb57aea,84e7d14d-3516-4965-ba43-3bccefb57aea,0ed3c6ae-9a69-4458-aac5-b6c3342c8954,7000,12,1000,1,1,2025-07-11T14:04:32.721Z,False,8000,7000,True,SELLABLESKU,False,Cold Drinks & Juices,Soda & Mixers,MILLILITRE,2800,MILLILITRE,7000,0df54b3f-11f6-4ada-b38a-9be38ea25eba,6196eb9e-3764-4e04-90e8-1be1b9d3c38c,3 Sisters Jeera Masala Soda,3 Sisters,India,Adhar Beverages Private Limited,,,e9977cfb-3bc9-4b2c-b10f-d1c4dd490f8c,8000,250.0,,MILLILITRE,270,6,18 months,,1,False,False,4.4,823,TIER_2,1000.0,,
14/07/25 10:47:22,62394c03-65d3-42a6-a565-f071079f120c,62394c03-65d3-42a6-a565-f071079f120c,0ed3c6ae-9a69-4458-aac5-b6c3342c8954,27600,8,2400,2,2,2025-07-13T10:26:35.325Z,False,30000,27600,True,SELLABLESKU,False,Cold Drinks & Juices,Vegan Drinks,LITER,2760,LITER,25800,dcfd1067-a597-4ef0-81d6-9a3d1b9a2891,a4d67bda-f8f2-4aa3-af00-3f18582c98ce,So Good Plant Based Almond Milk,So Good,India,Life Health Foods India Pvt Ltd,"Life Health Foods India Pvt Ltd No.510, Atlanta Estate, Dr.Ambedkar Chowk, Off. W.E. Highway,Goregaon(E), Mumbai.",Almond Milk,046dd783-2e2f-456c-b320-d5e0c8bf93dc,30000,1.0,1 L,LITER,1000,6,12 months,,2,True,False,4.7,101,TIER_2,2400.0,,
14/07/25 10:47:22,97009cfc-d553-5fd7-acad-7cd478aad164,97009cfc-d553-5fd7-acad-7cd478aad164,0ed3c6ae-9a69-4458-aac5-b6c3342c8954,1500,0,0,6,6,2025-07-13T16:58:55.081Z,False,1500,1500,True,SELLABLESKU,False,Cold Drinks & Juices,Milk Drinks,MILLILITRE,800,MILLILITRE,1300,c5638eba-30c0-4a40-8c63-c9947fd22c16,f7700c38-1875-45ab-8093-cf881029b677,Smoodh Chaas Masala Flavoured Buttermilk Pet,Smoodh,India,,,,3e857b3a-5a46-417f-b8bb-771339952771,1500,180.0,,MILLILITRE,180,6,180 days,,6,False,False,4.2,755,,,,
14/07/25 10:47:22,c6ea23f2-d175-4f33-9ecf-9c7e163981b5,c6ea23f2-d175-4f33-9ecf-9c7e163981b5,0ed3c6ae-9a69-4458-aac5-b6c3342c8954,1900,5,100,6,6,2025-07-13T19:11:15.972Z,False,2000,1900,True,SELLABLESKU,False,Cold Drinks & Juices,Soft Drinks,MILLILITRE,700,MILLILITRE,1900,dff3658b-c351-4e7f-8196-e98d0c66d99e,f9538f84-908d-4416-a688-506915f46275,Bombay Banta Kala Khatta Soft Drink,Bombay Banta,India,,,,d70671c3-dfcc-4cf5-a1e0-157f822cd4a5,2000,250.0,,MILLILITRE,250,6,6 months,,6,False,False,4.4,1480,TIER_2,100.0,,
14/07/25 11:00:26,8bc60eae-d9f3-4748-b334-9f62eb47a1a5,8bc60eae-d9f3-4748-b334-9f62eb47a1a5,0ed3c6ae-9a69-4458-aac5-b6c3342c8954,13500,10,1500,4,4,2025-07-11T12:10:02.176Z,False,15000,13500,True,SELLABLESKU,False,Cold Drinks & Juices,Milk Drinks,MILLILITRE,5400,MILLILITRE,13100,c5638eba-30c0-4a40-8c63-c9947fd22c16,84c37cb7-bec0-4c8b-898f-bfb2ed2c3d4f,Epigamia Turbo Coffee Protein Milkshake,Epigamia,India,,,,403f785a-8d9a-48de-8dcc-0a2c987409c2,15000,250.0,,MILLILITRE,250,6,180 days,,4,False,False,4.2,138,TIER_2,1500.0,,
14/07/25 11:00:26,6963cc27-1734-4a3f-a3e0-bab59474ed14,6963cc27-1734-4a3f-a3e0-bab59474ed14,0ed3c6ae-9a69-4458-aac5-b6c3342c8954,27000,9,2900,2,2,2025-07-12T09:47:02.937Z,False,29900,27000,True,SELLABLESKU,False,Cold Drinks & Juices,Vegan Drinks,LITER,2700,LITER,24500,dcfd1067-a597-4ef0-81d6-9a3d1b9a2891,4ec970e8-e93d-4338-b73f-ec865dbf39cc,Alt Co. Almond Milk,Alt Co.,India,Alt Co,,,2f72762b-5215-495c-a9b9-9726b553e7b0,29900,1.0,1 L,LITER,1,6,12 months,,2,True,False,4.2,270,TIER_2,2900.0,,
14/07/25 11:00:26,5abd874d-8749-533b-befb-c545833fcdb4,5abd874d-8749-533b-befb-c545833fcdb4,0ed3c6ae-9a69-4458-aac5-b6c3342c8954,54200,8,5200,4,4,2025-07-12T23:26:40.354Z,False,59400,54200,True,SELLABLESKU,False,Cold Drinks & Juices,Non-Alcoholic & Energy Drink,LITER,5420,LITER,54200,c6bba2b2-6b2d-4bd4-ae3d-adb6f9383393,cb30052e-fafd-4c4c-a608-2daebcd15aef,Coolberg Non Alcoholic Beer | Party Pack,Coolberg,India,Coolberg Beverages Pvt. Ltd,,,e2eb868d-5870-4ea4-a1b4-fc8315ccd7fa,59400,1.98,6 x 330 ml,LITER,1980,6,12 months,,4,True,False,5.0,51,TIER_2,5200.0,,
14/07/25 11:00:26,f9aaa092-ead8-5908-a6c7-ba898dbe6bfc,f9aaa092-ead8-5908-a6c7-ba898dbe6bfc,554896ba-1bc3-493a-84c2-8a0ce07c2611,60000,0,0,1,1,2025-06-09T22:33:56.414Z,False,60000,60000,True,SELLABLESKU,False,Cold Drinks & Juices,Instant Drink Mixes,PIECE,60000,PIECE,55100,4d088b94-ba43-4bf0-a881-a573862aa0a1,55063063-a172-4d4f-bff6-407fbb8acc1c,Good Monk Orange Instant Drink Mix,Good Monk,India,,,,e325840f-78b7-4364-9ef3-4b3efc64958d,60000,1.0,396 g,PIECE,396,6,12 months,,1,True,False,4.5,655,,,,
14/07/25 11:00:26,9fece867-af1c-4068-a4a5-b07785f8d917,9fece867-af1c-4068-a4a5-b07785f8d917,0ed3c6ae-9a69-4458-aac5-b6c3342c8954,4000,0,0,1,1,2025-07-12T11:52:22.103Z,False,4000,4000,True,SELLABLESKU,False,Cold Drinks & Juices,Soft Drinks,MILLILITRE,1300,MILLILITRE,3800,dff3658b-c351-4e7f-8196-e98d0c66d99e,942d73e3-7db9-4ecc-9896-4fe98624488d,Pepsi Black Cola Diet Soft Drink,Pepsi Black,India,Pepsico India Holdings Pvt. Ltd,,,c6ddb7ce-ffe7-495d-bcbd-5e8697db0e78,4000,300.0,300 ml,MILLILITRE,300,6,9 months,,1,True,False,4.6,1767,,,,
14/07/25 11:00:26,6f8c4ff4-9b9f-5612-8027-2986d564b7fd,6f8c4ff4-9b9f-5612-8027-2986d564b7fd,0ed3c6ae-9a69-4458-aac5-b6c3342c8954,21700,9,2300,3,3,2025-07-11T14:04:50.377Z,False,24000,21700,True,SELLABLESKU,False,Cold Drinks & Juices,Soda & Mixers,PIECE,1808,PIECE,20400,0df54b3f-11f6-4ada-b38a-9be38ea25eba,34fe5b5f-25d2-45a1-a284-af57a0b47a91,Bombay Banta Imli Chaska Soda,Bombay Banta,India,Bombay Banta,,,7f7b7d9c-4f8e-484e-a86c-cfe1deb7bb20,24000,12.0,1 pack (12 pcs),PIECE,3500,6,180 days,,3,True,False,4.2,143,TIER_2,2300.0,,
14/07/25 11:00:26,d72ede7f-fd2b-49da-a6dd-5e3953f9a3b3,d72ede7f-fd2b-49da-a6dd-5e3953f9a3b3,0ed3c6ae-9a69-4458-aac5-b6c3342c8954,13500,10,1500,3,3,2025-07-12T07:45:55.329Z,False,15000,13500,True,SELLABLESKU,False,Cold Drinks & Juices,Milk Drinks,MILLILITRE,5400,MILLILITRE,13300,c5638eba-30c0-4a40-8c63-c9947fd22c16,5bff2f95-169e-4503-a1bc-5e344c4fd228,Epigamia Turbo Cookies and Cream Protein Milkshake,Epigamia,India,,,,b1ca615f-5384-4135-981d-343c46308dcd,15000,250.0,,MILLILITRE,250,6,180 days,,3,False,False,4.5,207,TIER_2,1500.0,,
14/07/25 11:00:26,92b0a880-1836-40a6-833c-737a87c2398c,92b0a880-1836-40a6-833c-737a87c2398c,0ed3c6ae-9a69-4458-aac5-b6c3342c8954,25200,4,1300,2,2,2025-07-03T09:21:52.351Z,False,26500,25200,True,SELLABLESKU,False,Cold Drinks & Juices,Instant Drink Mixes,GRAM,4000,GRAM,24600,4d088b94-ba43-4bf0-a881-a573862aa0a1,e7e9ebca-b521-4c0e-94f5-2fc53815f8a3,Hershey's Caramel Syrup,Hershey's,USA,The Hershey's Company,"Max Inc GI 13, GT Industrial Area, North (Delhi), 110033.","Cane Sugar, Water, Natural and Artificial Flavor, Sodium Benzoate and Potassium Sorbate (preservatives), Citric Acid,�Caramel�Color",47458cc6-6031-47ba-b205-6a9043451aad,26500,623.0,623 g,GRAM,623,12,13 months,,2,True,False,4.8,89,TIER_2,1300.0,,
14/07/25 11:00:26,2629e188-2674-5870-bda3-a5b12868e81d,2629e188-2674-5870-bda3-a5b12868e81d,554896ba-1bc3-493a-84c2-8a0ce07c2611,60000,0,0,1,1,2025-05-27T05:33:37.163Z,False,60000,60000,True,SELLABLESKU,False,Cold Drinks & Juices,Instant Drink Mixes,PIECE,60000,PIECE,55100,4d088b94-ba43-4bf0-a881-a573862aa0a1,ac6cce08-bdc3-4a8e-abd9-15116e443516,Good Monk Mixed Berries Instant Powder Mix,Good Monk,India,,,,8ca33985-102e-4aac-b032-4733509a0d10,60000,1.0,396 g,PIECE,396,6,12 months,,1,True,False,4.2,545,,,,
14/07/25 11:00:26,dbe6aecc-11cf-44e3-932f-ded55311236f,dbe6aecc-11cf-44e3-932f-ded55311236f,0ed3c6ae-9a69-4458-aac5-b6c3342c8954,14200,4,700,2,2,2025-07-07T07:42:28.728Z,False,14900,14200,True,SELLABLESKU,False,Cold Drinks & Juices,Instant Drink Mixes,GRAM,39400,GRAM,14200,4d088b94-ba43-4bf0-a881-a573862aa0a1,2b0b8ca5-efd3-4bb2-a5c9-1600dfe275ef,Fast&Up Nightout Instant Hangover Relief Drink,Fast&up,India,,,,0676c7f0-42a1-4057-b928-5b314d5cf05d,14900,36.0,1 pack (4 pcs),GRAM,20,6,24 months,,2,True,False,4.1,69,TIER_2,700.0,,
14/07/25 11:00:26,74418328-1ac2-480e-b9b2-462ac4ca9954,74418328-1ac2-480e-b9b2-462ac4ca9954,0ed3c6ae-9a69-4458-aac5-b6c3342c8954,13500,10,1500,5,5,2025-07-11T10:16:18.044Z,False,15000,13500,True,SELLABLESKU,False,Cold Drinks & Juices,Milk Drinks,MILLILITRE,5400,MILLILITRE,13100,c5638eba-30c0-4a40-8c63-c9947fd22c16,94967248-d3e6-4284-8356-e0f05cf35477,Epigamia Turbo Vanilla and Caramel Protein Milkshake,Epigamia,India,?Drums Food International Private Limited,,,e3d82530-d213-4a84-b68d-a81f8764afa2,15000,250.0,250 ml,MILLILITRE,250,6,180 days,,5,False,False,4.4,238,TIER_2,1500.0,,
14/07/25 11:00:26,9f8c76f8-fa44-51b5-a79e-810b65848128,9f8c76f8-fa44-51b5-a79e-810b65848128,0ed3c6ae-9a69-4458-aac5-b6c3342c8954,21700,9,2300,2,2,2025-07-11T13:57:38.596Z,False,24000,21700,True,SELLABLESKU,False,Cold Drinks & Juices,Soda & Mixers,PIECE,1808,PIECE,20400,0df54b3f-11f6-4ada-b38a-9be38ea25eba,94b47ee2-1aa9-454d-95e0-6e0d7efbb6c9,Bombay Banta Kala Khatta Black Currant Soda,Bombay Banta,India,Bombay Banta,,,e71986ee-9129-455c-a887-4e1b057d3480,24000,12.0,1 pack (12 pcs),PIECE,3500,6,180 days,,2,True,False,4.7,773,TIER_2,2300.0,,
14/07/25 11:00:26,d3a60768-84d6-4bff-8855-19171c4a4645,d3a60768-84d6-4bff-8855-19171c4a4645,0ed3c6ae-9a69-4458-aac5-b6c3342c8954,37600,5,2300,1,1,2025-07-12T13:06:08.710Z,False,39900,37600,True,SELLABLESKU,False,Cold Drinks & Juices,Fruit Juices & Drinks,LITER,3760,LITER,31900,c41e2ad3-2dcc-42b6-829b-7e3a8e78d754,dc3358f1-085d-4fa3-bce6-5f603d0dae0a,Raw Pressery Valencia Orange Fruit Juice,Raw Pressery,India,Rakyan Beverages Pvt. Ltd,"Rakyan Beverages Pvt. Ltd, B-12, JWC Logistic Park Pvt. Ltd., National Highway No.17 Palaspe, Panvel, Maharashtra.","ORANGE JUICE(91.8%), ORANGE PULP, CITRUS FIBER, ANTIOXIDANT / VITAMIN C ( INS 300)",64b0ed2d-8512-4b39-b2c1-5c6c50849db6,39900,1.0,1 L,LITER,1000,12,9 months,,1,True,False,4.6,176,TIER_2,2300.0,,
14/07/25 11:00:26,912d3118-54e0-4fa1-aca8-773503c953bd,912d3118-54e0-4fa1-aca8-773503c953bd,0ed3c6ae-9a69-4458-aac5-b6c3342c8954,28300,12,4200,2,2,2025-07-14T03:57:50.555Z,False,32500,28300,True,SELLABLESKU,False,Cold Drinks & Juices,Vegan Drinks,LITER,2830,LITER,26200,dcfd1067-a597-4ef0-81d6-9a3d1b9a2891,231e4f88-15d8-4eb1-9e34-764e4aad6077,Raw Pressery Almond Milk,Raw Pressery,India,Rakyan Beverages Pvt. Ltd,"Rakyan Beverages Pvt. Ltd, B-12, JWC Logistic Park Pvt. Ltd., National Highway No.17 Palaspe, Panvel, Maharashtra.",,1b1b90cc-ad0a-4f14-81a4-14f22b8b64ac,32500,1.0,1 L,LITER,1000,8,12 months,,2,True,False,4.5,113,TIER_2,4200.0,,
14/07/25 11:00:26,4b668e76-6797-5321-8a14-2a129750e84c,4b668e76-6797-5321-8a14-2a129750e84c,554896ba-1bc3-493a-84c2-8a0ce07c2611,60000,0,0,2,2,2025-07-11T14:00:03.585Z,False,60000,60000,True,SELLABLESKU,False,Cold Drinks & Juices,Instant Drink Mixes,PIECE,60000,PIECE,55100,4d088b94-ba43-4bf0-a881-a573862aa0a1,de9335ec-12d2-412f-acff-9b04b54ca532,Good Monk Pineapple Instant Drink Mix,Good Monk,India,Vital Neutraceuticals Pvt ltd,,,dfc4eae1-4466-47da-837c-ba475bdaae27,60000,1.0,396 g,PIECE,396,6,12 months,,2,True,False,4.2,541,,,,
14/07/25 11:00:26,00c220fd-4adb-527f-bb91-4f9327ca5df1,00c220fd-4adb-527f-bb91-4f9327ca5df1,0ed3c6ae-9a69-4458-aac5-b6c3342c8954,10000,0,0,6,6,2025-07-13T09:19:12.540Z,False,10000,10000,True,SELLABLESKU,False,Cold Drinks & Juices,Fruit Juices & Drinks,LITER,1000,LITER,9600,c41e2ad3-2dcc-42b6-829b-7e3a8e78d754,e880c134-66ab-4b9e-85a4-cfa880755af3,Frooti Mango Drink,Frooti,India,,,,e4578a06-0624-4988-9e64-680698c58557,10000,1.25,10 x 125 ml,LITER,1250,6,180 days,,6,False,False,4.8,1226,,,,
14/07/25 11:00:26,c6a712c0-7384-4fc1-a46b-3c1a8ca4cca6,c6a712c0-7384-4fc1-a46b-3c1a8ca4cca6,0ed3c6ae-9a69-4458-aac5-b6c3342c8954,16200,10,1800,2,2,2025-07-13T02:25:20.334Z,False,18000,16200,True,SELLABLESKU,False,Cold Drinks & Juices,Soft Drinks,LITER,810,LITER,15300,dff3658b-c351-4e7f-8196-e98d0c66d99e,9137d726-af4c-4749-978a-95299ff21525,Bombay Banta Assorted Flavoured Soft Drink,Bombay Banta,India,,,,4f645769-2a09-4a6a-8bef-5dc6fd4625cd,18000,2.0,8 x 250 ml,LITER,2000,6,180 days,,2,True,False,4.8,71,TIER_2,1800.0,,
14/07/25 11:00:26,82ef7e7f-101e-4072-8fd8-24bc51fd6012,82ef7e7f-101e-4072-8fd8-24bc51fd6012,0ed3c6ae-9a69-4458-aac5-b6c3342c8954,11000,4,500,1,1,2025-07-12T15:57:23.836Z,False,11500,11000,True,SELLABLESKU,False,Cold Drinks & Juices,Instant Drink Mixes,GRAM,5500,GRAM,10700,4d088b94-ba43-4bf0-a881-a573862aa0a1,70255ead-049e-4f7b-bd7a-7c7d9b5d6d05,Hershey's Strawberry Syrup,Hershey's,USA,The Hershey's Company,"Hershey India Pvt Ltd, Plot, No 5, New Industrial Area No. 1, Mandideep Dist, Raisen - 462046, Madhya Pradesh.",,decb8a7d-bc15-4aa5-b610-f667e86c97f8,11500,200.0,200 g,GRAM,200,12,13 months,,1,False,False,4.4,174,TIER_2,500.0,,
14/07/25 11:00:26,0b5b2d13-f411-452c-8df2-2a9adf7a8cbb,0b5b2d13-f411-452c-8df2-2a9adf7a8cbb,0ed3c6ae-9a69-4458-aac5-b6c3342c8954,27500,6,2000,2,2,2025-06-21T06:10:32.992Z,False,29500,27500,True,SELLABLESKU,False,Cold Drinks & Juices,Non-Alcoholic & Energy Drink,PIECE,1375,PIECE,27400,c6bba2b2-6b2d-4bd4-ae3d-adb6f9383393,9d102185-1fa3-4109-84a0-e2b4067c6fd8,Fast&Up Reload Energy Drink Low Sugar Electrolyte - Berry Flavour,Fast&up,India,Fast&Up,"Fast&Up, Wing-A, Lion Sole Marg, Highland Park, Andheri West, Mumbai, Maharashtra 400102.",,4b659ece-3219-4eb8-9bf9-917c73c64361,29500,20.0,1 pack (20 pcs),PIECE,20,12,24 months,,2,True,False,5.0,65,TIER_2,2000.0,,
14/07/25 11:00:26,da9c30f1-40ba-4101-a995-311507f1ebcf,da9c30f1-40ba-4101-a995-311507f1ebcf,0ed3c6ae-9a69-4458-aac5-b6c3342c8954,60000,0,0,1,1,2025-06-30T19:07:35.688Z,False,60000,60000,True,SELLABLESKU,False,Cold Drinks & Juices,Water,PIECE,10000,PIECE,60000,b783925b-6b57-4750-99f6-01ea5145ec5e,a3ec15c5-a259-487c-9644-5b210a5a8771,Aava Sparkling Water,AAVA,India,,,,0d29a119-9f54-4071-a8b7-116cfac4dfc4,60000,6.0,6 x 500 ml,PIECE,3000,6,180 days,,1,True,False,3.9,52,,,,
14/07/25 11:00:26,776c0eb1-d8bc-4e31-9458-fe55da297135,776c0eb1-d8bc-4e31-9458-fe55da297135,0ed3c6ae-9a69-4458-aac5-b6c3342c8954,1900,5,100,6,6,2025-07-13T09:13:40.988Z,False,2000,1900,True,SELLABLESKU,False,Cold Drinks & Juices,Soft Drinks,MILLILITRE,700,MILLILITRE,1900,dff3658b-c351-4e7f-8196-e98d0c66d99e,b54a91f2-3ccb-43cf-941e-28001b9b280b,Bombay Banta Imli Jeera Soft Drink,Bombay Banta,India,,,,be528717-fa5a-4c31-a02e-a282e1e8952e,2000,250.0,,MILLILITRE,250,6,6 months,,6,False,False,4.4,768,TIER_2,100.0,,
14/07/25 11:00:26,b382babb-cac1-468b-8233-dd3e9c6686fc,b382babb-cac1-468b-8233-dd3e9c6686fc,0ed3c6ae-9a69-4458-aac5-b6c3342c8954,8000,0,0,1,1,2025-07-11T14:22:48.765Z,False,8000,8000,True,SELLABLESKU,False,Cold Drinks & Juices,Milk Drinks,MILLILITRE,4400,MILLILITRE,8000,c5638eba-30c0-4a40-8c63-c9947fd22c16,e7e3bea7-3acb-4980-abb5-50f0406a7780,Epigamia Greek Yogurt Blueberry Smoothie,Epigamia,India,Drums Food International Pvt Ltd,"Drums Food International Pvt Ltd, The Centrium, Office No 2 ( Unit 302) , Phoenix Marketcity , LBS Marg, Kurla West, Mumbai 400070.","Greek Yogurt (Pasteurized Double Toned Milk, Milk Solids, Stabilizing Agent (Pectin Ins 440), Permitted Starter Cultures), Processed Blueberry Pulp (Sugar, Blueberry Puree, Water, Stabilizing Agent (Pectin Ins 440), Lemon Juice Concentrate) Total Fruit Content: 3%",52cd9ab1-a85b-41fe-b213-341e3dfd82d6,8000,180.0,180 ml,MILLILITRE,200,12,30 days,,1,False,False,4.7,205,,,,
14/07/25 11:00:26,67d71fc1-de0e-4986-b477-d47a7bffed7f,67d71fc1-de0e-4986-b477-d47a7bffed7f,0ed3c6ae-9a69-4458-aac5-b6c3342c8954,27900,5,1600,3,3,2025-07-12T06:31:42.147Z,False,29500,27900,True,SELLABLESKU,False,Cold Drinks & Juices,Vegan Drinks,LITER,2790,LITER,27800,dcfd1067-a597-4ef0-81d6-9a3d1b9a2891,48dd7ede-e731-4b0a-ae7e-ea6393f13751,Only Earth Organic Coconut Drink,Only Earth,India,Naturise Consumer Products Pvt Ltd,"Naturise Consumer Products Pvt Ltd, 109, Vellala stree, Purasawalkam, Chennai 600084.",,7e1d7282-d490-4373-a4c7-1c7e44976830,29500,1.0,1 L,LITER,1000,12,12 months,,3,True,False,4.6,66,TIER_2,1600.0,,
14/07/25 11:00:26,31db9e03-a710-4fe7-a5c6-1a2df0714a24,31db9e03-a710-4fe7-a5c6-1a2df0714a24,0ed3c6ae-9a69-4458-aac5-b6c3342c8954,28300,8,2700,2,2,2025-07-11T14:00:59.382Z,False,31000,28300,True,SELLABLESKU,False,Cold Drinks & Juices,Non-Alcoholic & Energy Drink,PIECE,28300,PIECE,28200,c6bba2b2-6b2d-4bd4-ae3d-adb6f9383393,cef29fdf-0563-4666-b017-4cdc8b91d851,Fast&Up Reload Zero Sugar Energy Drink for Hydration - Ice Current Flavour,Fast&up,India,AERONUTRIX SPORTS PRODUCTS PVT LTD,,,a882b6ec-f992-435e-946e-aaad037ca556,31000,1.0,1 pack (22 pcs),PIECE,150,6,24 months,,2,True,False,4.6,981,TIER_2,2700.0,,
14/07/25 11:00:26,8126b483-30e5-5e25-91d6-48f86c9a692a,8126b483-30e5-5e25-91d6-48f86c9a692a,0ed3c6ae-9a69-4458-aac5-b6c3342c8954,60000,0,0,1,1,2025-07-11T13:54:37.210Z,False,60000,60000,True,SELLABLESKU,False,Cold Drinks & Juices,Water,PIECE,60000,PIECE,60000,b783925b-6b57-4750-99f6-01ea5145ec5e,81efb389-67b7-441c-9610-94cea61bb405,Evocus Natural Black Alkaline Water,Evocus,India,Evocus,,,df6aa881-f64c-4e06-a2c9-63e792d2c679,60000,1.0,1 pack (6 pcs),PIECE,3000,6,12 months,,1,True,False,4.2,68,,,,
14/07/25 11:00:26,9f018423-4088-466b-ab3d-b7a1d6f1f342,9f018423-4088-466b-ab3d-b7a1d6f1f342,0ed3c6ae-9a69-4458-aac5-b6c3342c8954,13500,0,0,2,2,2025-07-11T16:14:51.989Z,False,13500,13500,True,SELLABLESKU,False,Cold Drinks & Juices,Instant Drink Mixes,GRAM,12200,GRAM,13000,4d088b94-ba43-4bf0-a881-a573862aa0a1,a0b8811a-46da-4f3d-a436-469ff77115f0,hershey's Chocolate Instant Powder Mix,hershey's,India,Hershey's India,,,9e382434-e4ab-4571-8a8f-30f95b9ac3ee,13500,110.0,,GRAM,110,6,12 months,,2,False,False,4.7,266,,,,
14/07/25 11:00:26,eb7cd8e8-4983-4bda-8708-4912c8606caa,eb7cd8e8-4983-4bda-8708-4912c8606caa,0ed3c6ae-9a69-4458-aac5-b6c3342c8954,27500,6,2000,3,3,2025-07-07T22:29:56.289Z,False,29500,27500,True,SELLABLESKU,False,Cold Drinks & Juices,Non-Alcoholic & Energy Drink,PIECE,1375,PIECE,26000,c6bba2b2-6b2d-4bd4-ae3d-adb6f9383393,58329075-f4bb-4131-833f-6fd4653c8a12,Fast&Up Reload Energy Drink Low Sugar Electrolyte - Lime Lemon Flavour,Fast&up,India,Fast&Up,"Fast&Up, Wing-A, Lion Sole Marg, Highland Park, Andheri West, Mumbai, Maharashtra 400102.",,ea62fbf8-dc72-4655-97a8-1f891789341d,29500,20.0,1 pack (20 pcs),PIECE,20,12,24 months,,3,True,False,4.9,87,TIER_2,2000.0,,
14/07/25 11:00:26,9426d764-f832-4944-9ab8-48f0cd58e538,9426d764-f832-4944-9ab8-48f0cd58e538,0ed3c6ae-9a69-4458-aac5-b6c3342c8954,1900,5,100,6,6,2025-07-13T14:21:27.190Z,False,2000,1900,True,SELLABLESKU,False,Cold Drinks & Juices,Soft Drinks,MILLILITRE,700,MILLILITRE,1900,dff3658b-c351-4e7f-8196-e98d0c66d99e,adea52e2-48a2-4ebb-a358-868aaa04666d,Bombay Banta Lemon Soda Soft Drink,Bombay Banta,India,,,,3a989903-630f-49ac-b170-7b2c7bc1a2ab,2000,250.0,,MILLILITRE,250,6,6 months,,6,False,False,4.6,876,TIER_2,100.0,,
14/07/25 11:00:26,84e7d14d-3516-4965-ba43-3bccefb57aea,84e7d14d-3516-4965-ba43-3bccefb57aea,0ed3c6ae-9a69-4458-aac5-b6c3342c8954,7000,12,1000,1,1,2025-07-11T14:04:32.721Z,False,8000,7000,True,SELLABLESKU,False,Cold Drinks & Juices,Soda & Mixers,MILLILITRE,2800,MILLILITRE,7000,0df54b3f-11f6-4ada-b38a-9be38ea25eba,6196eb9e-3764-4e04-90e8-1be1b9d3c38c,3 Sisters Jeera Masala Soda,3 Sisters,India,Adhar Beverages Private Limited,,,e9977cfb-3bc9-4b2c-b10f-d1c4dd490f8c,8000,250.0,,MILLILITRE,270,6,18 months,,1,False,False,4.4,823,TIER_2,1000.0,,
14/07/25 11:00:26,62394c03-65d3-42a6-a565-f071079f120c,62394c03-65d3-42a6-a565-f071079f120c,0ed3c6ae-9a69-4458-aac5-b6c3342c8954,27600,8,2400,2,2,2025-07-13T10:26:35.325Z,False,30000,27600,True,SELLABLESKU,False,Cold Drinks & Juices,Vegan Drinks,LITER,2760,LITER,25800,dcfd1067-a597-4ef0-81d6-9a3d1b9a2891,a4d67bda-f8f2-4aa3-af00-3f18582c98ce,So Good Plant Based Almond Milk,So Good,India,Life Health Foods India Pvt Ltd,"Life Health Foods India Pvt Ltd No.510, Atlanta Estate, Dr.Ambedkar Chowk, Off. W.E. Highway,Goregaon(E), Mumbai.",Almond Milk,046dd783-2e2f-456c-b320-d5e0c8bf93dc,30000,1.0,1 L,LITER,1000,6,12 months,,2,True,False,4.7,101,TIER_2,2400.0,,
14/07/25 11:00:26,97009cfc-d553-5fd7-acad-7cd478aad164,97009cfc-d553-5fd7-acad-7cd478aad164,0ed3c6ae-9a69-4458-aac5-b6c3342c8954,1500,0,0,6,6,2025-07-14T05:29:55.065Z,False,1500,1500,True,SELLABLESKU,False,Cold Drinks & Juices,Milk Drinks,MILLILITRE,800,MILLILITRE,1300,c5638eba-30c0-4a40-8c63-c9947fd22c16,f7700c38-1875-45ab-8093-cf881029b677,Smoodh Chaas Masala Flavoured Buttermilk Pet,Smoodh,India,,,,3e857b3a-5a46-417f-b8bb-771339952771,1500,180.0,,MILLILITRE,180,6,180 days,,6,False,False,4.2,755,,,,
14/07/25 11:00:26,c6ea23f2-d175-4f33-9ecf-9c7e163981b5,c6ea23f2-d175-4f33-9ecf-9c7e163981b5,0ed3c6ae-9a69-4458-aac5-b6c3342c8954,1900,5,100,6,6,2025-07-13T19:11:15.972Z,False,2000,1900,True,SELLABLESKU,False,Cold Drinks & Juices,Soft Drinks,MILLILITRE,700,MILLILITRE,1900,dff3658b-c351-4e7f-8196-e98d0c66d99e,f9538f84-908d-4416-a688-506915f46275,Bombay Banta Kala Khatta Soft Drink,Bombay Banta,India,,,,d70671c3-dfcc-4cf5-a1e0-157f822cd4a5,2000,250.0,,MILLILITRE,250,6,6 months,,6,False,False,4.4,1480,TIER_2,100.0,,
14/07/25 11:00:35,8bc60eae-d9f3-4748-b334-9f62eb47a1a5,8bc60eae-d9f3-4748-b334-9f62eb47a1a5,0ed3c6ae-9a69-4458-aac5-b6c3342c8954,13500,10,1500,4,4,2025-07-11T12:10:02.176Z,False,15000,13500,True,SELLABLESKU,False,Cold Drinks & Juices,Milk Drinks,MILLILITRE,5400,MILLILITRE,13100,c5638eba-30c0-4a40-8c63-c9947fd22c16,84c37cb7-bec0-4c8b-898f-bfb2ed2c3d4f,Epigamia Turbo Coffee Protein Milkshake,Epigamia,India,,,,403f785a-8d9a-48de-8dcc-0a2c987409c2,15000,250.0,,MILLILITRE,250,6,180 days,,4,False,False,4.2,138,TIER_2,1500.0,,
14/07/25 11:00:35,6963cc27-1734-4a3f-a3e0-bab59474ed14,6963cc27-1734-4a3f-a3e0-bab59474ed14,0ed3c6ae-9a69-4458-aac5-b6c3342c8954,27000,9,2900,2,2,2025-07-12T09:47:02.937Z,False,29900,27000,True,SELLABLESKU,False,Cold Drinks & Juices,Vegan Drinks,LITER,2700,LITER,24500,dcfd1067-a597-4ef0-81d6-9a3d1b9a2891,4ec970e8-e93d-4338-b73f-ec865dbf39cc,Alt Co. Almond Milk,Alt Co.,India,Alt Co,,,2f72762b-5215-495c-a9b9-9726b553e7b0,29900,1.0,1 L,LITER,1,6,12 months,,2,True,False,4.2,270,TIER_2,2900.0,,
14/07/25 11:00:35,5abd874d-8749-533b-befb-c545833fcdb4,5abd874d-8749-533b-befb-c545833fcdb4,0ed3c6ae-9a69-4458-aac5-b6c3342c8954,54200,8,5200,4,4,2025-07-12T23:26:40.354Z,False,59400,54200,True,SELLABLESKU,False,Cold Drinks & Juices,Non-Alcoholic & Energy Drink,LITER,5420,LITER,54200,c6bba2b2-6b2d-4bd4-ae3d-adb6f9383393,cb30052e-fafd-4c4c-a608-2daebcd15aef,Coolberg Non Alcoholic Beer | Party Pack,Coolberg,India,Coolberg Beverages Pvt. Ltd,,,e2eb868d-5870-4ea4-a1b4-fc8315ccd7fa,59400,1.98,6 x 330 ml,LITER,1980,6,12 months,,4,True,False,5.0,51,TIER_2,5200.0,,
14/07/25 11:00:35,f9aaa092-ead8-5908-a6c7-ba898dbe6bfc,f9aaa092-ead8-5908-a6c7-ba898dbe6bfc,554896ba-1bc3-493a-84c2-8a0ce07c2611,60000,0,0,1,1,2025-06-09T22:33:56.414Z,False,60000,60000,True,SELLABLESKU,False,Cold Drinks & Juices,Instant Drink Mixes,PIECE,60000,PIECE,55100,4d088b94-ba43-4bf0-a881-a573862aa0a1,55063063-a172-4d4f-bff6-407fbb8acc1c,Good Monk Orange Instant Drink Mix,Good Monk,India,,,,e325840f-78b7-4364-9ef3-4b3efc64958d,60000,1.0,396 g,PIECE,396,6,12 months,,1,True,False,4.5,655,,,,
14/07/25 11:00:35,9fece867-af1c-4068-a4a5-b07785f8d917,9fece867-af1c-4068-a4a5-b07785f8d917,0ed3c6ae-9a69-4458-aac5-b6c3342c8954,4000,0,0,1,1,2025-07-12T11:52:22.103Z,False,4000,4000,True,SELLABLESKU,False,Cold Drinks & Juices,Soft Drinks,MILLILITRE,1300,MILLILITRE,3800,dff3658b-c351-4e7f-8196-e98d0c66d99e,942d73e3-7db9-4ecc-9896-4fe98624488d,Pepsi Black Cola Diet Soft Drink,Pepsi Black,India,Pepsico India Holdings Pvt. Ltd,,,c6ddb7ce-ffe7-495d-bcbd-5e8697db0e78,4000,300.0,300 ml,MILLILITRE,300,6,9 months,,1,True,False,4.6,1767,,,,
14/07/25 11:00:35,6f8c4ff4-9b9f-5612-8027-2986d564b7fd,6f8c4ff4-9b9f-5612-8027-2986d564b7fd,0ed3c6ae-9a69-4458-aac5-b6c3342c8954,21700,9,2300,3,3,2025-07-11T14:04:50.377Z,False,24000,21700,True,SELLABLESKU,False,Cold Drinks & Juices,Soda & Mixers,PIECE,1808,PIECE,20400,0df54b3f-11f6-4ada-b38a-9be38ea25eba,34fe5b5f-25d2-45a1-a284-af57a0b47a91,Bombay Banta Imli Chaska Soda,Bombay Banta,India,Bombay Banta,,,7f7b7d9c-4f8e-484e-a86c-cfe1deb7bb20,24000,12.0,1 pack (12 pcs),PIECE,3500,6,180 days,,3,True,False,4.2,143,TIER_2,2300.0,,
14/07/25 11:00:35,d72ede7f-fd2b-49da-a6dd-5e3953f9a3b3,d72ede7f-fd2b-49da-a6dd-5e3953f9a3b3,0ed3c6ae-9a69-4458-aac5-b6c3342c8954,13500,10,1500,3,3,2025-07-12T07:45:55.329Z,False,15000,13500,True,SELLABLESKU,False,Cold Drinks & Juices,Milk Drinks,MILLILITRE,5400,MILLILITRE,13300,c5638eba-30c0-4a40-8c63-c9947fd22c16,5bff2f95-169e-4503-a1bc-5e344c4fd228,Epigamia Turbo Cookies and Cream Protein Milkshake,Epigamia,India,,,,b1ca615f-5384-4135-981d-343c46308dcd,15000,250.0,,MILLILITRE,250,6,180 days,,3,False,False,4.5,207,TIER_2,1500.0,,
14/07/25 11:00:35,92b0a880-1836-40a6-833c-737a87c2398c,92b0a880-1836-40a6-833c-737a87c2398c,0ed3c6ae-9a69-4458-aac5-b6c3342c8954,25200,4,1300,2,2,2025-07-03T09:21:52.351Z,False,26500,25200,True,SELLABLESKU,False,Cold Drinks & Juices,Instant Drink Mixes,GRAM,4000,GRAM,24600,4d088b94-ba43-4bf0-a881-a573862aa0a1,e7e9ebca-b521-4c0e-94f5-2fc53815f8a3,Hershey's Caramel Syrup,Hershey's,USA,The Hershey's Company,"Max Inc GI 13, GT Industrial Area, North (Delhi), 110033.","Cane Sugar, Water, Natural and Artificial Flavor, Sodium Benzoate and Potassium Sorbate (preservatives), Citric Acid,�Caramel�Color",47458cc6-6031-47ba-b205-6a9043451aad,26500,623.0,623 g,GRAM,623,12,13 months,,2,True,False,4.8,89,TIER_2,1300.0,,
14/07/25 11:00:35,2629e188-2674-5870-bda3-a5b12868e81d,2629e188-2674-5870-bda3-a5b12868e81d,554896ba-1bc3-493a-84c2-8a0ce07c2611,60000,0,0,1,1,2025-05-27T05:33:37.163Z,False,60000,60000,True,SELLABLESKU,False,Cold Drinks & Juices,Instant Drink Mixes,PIECE,60000,PIECE,55100,4d088b94-ba43-4bf0-a881-a573862aa0a1,ac6cce08-bdc3-4a8e-abd9-15116e443516,Good Monk Mixed Berries Instant Powder Mix,Good Monk,India,,,,8ca33985-102e-4aac-b032-4733509a0d10,60000,1.0,396 g,PIECE,396,6,12 months,,1,True,False,4.2,545,,,,
14/07/25 11:00:35,dbe6aecc-11cf-44e3-932f-ded55311236f,dbe6aecc-11cf-44e3-932f-ded55311236f,0ed3c6ae-9a69-4458-aac5-b6c3342c8954,14200,4,700,2,2,2025-07-07T07:42:28.728Z,False,14900,14200,True,SELLABLESKU,False,Cold Drinks & Juices,Instant Drink Mixes,GRAM,39400,GRAM,14200,4d088b94-ba43-4bf0-a881-a573862aa0a1,2b0b8ca5-efd3-4bb2-a5c9-1600dfe275ef,Fast&Up Nightout Instant Hangover Relief Drink,Fast&up,India,,,,0676c7f0-42a1-4057-b928-5b314d5cf05d,14900,36.0,1 pack (4 pcs),GRAM,20,6,24 months,,2,True,False,4.1,69,TIER_2,700.0,,
14/07/25 11:00:35,74418328-1ac2-480e-b9b2-462ac4ca9954,74418328-1ac2-480e-b9b2-462ac4ca9954,0ed3c6ae-9a69-4458-aac5-b6c3342c8954,13500,10,1500,5,5,2025-07-11T10:16:18.044Z,False,15000,13500,True,SELLABLESKU,False,Cold Drinks & Juices,Milk Drinks,MILLILITRE,5400,MILLILITRE,13100,c5638eba-30c0-4a40-8c63-c9947fd22c16,94967248-d3e6-4284-8356-e0f05cf35477,Epigamia Turbo Vanilla and Caramel Protein Milkshake,Epigamia,India,?Drums Food International Private Limited,,,e3d82530-d213-4a84-b68d-a81f8764afa2,15000,250.0,250 ml,MILLILITRE,250,6,180 days,,5,False,False,4.4,238,TIER_2,1500.0,,
14/07/25 11:00:35,9f8c76f8-fa44-51b5-a79e-810b65848128,9f8c76f8-fa44-51b5-a79e-810b65848128,0ed3c6ae-9a69-4458-aac5-b6c3342c8954,21700,9,2300,2,2,2025-07-11T13:57:38.596Z,False,24000,21700,True,SELLABLESKU,False,Cold Drinks & Juices,Soda & Mixers,PIECE,1808,PIECE,20400,0df54b3f-11f6-4ada-b38a-9be38ea25eba,94b47ee2-1aa9-454d-95e0-6e0d7efbb6c9,Bombay Banta Kala Khatta Black Currant Soda,Bombay Banta,India,Bombay Banta,,,e71986ee-9129-455c-a887-4e1b057d3480,24000,12.0,1 pack (12 pcs),PIECE,3500,6,180 days,,2,True,False,4.7,773,TIER_2,2300.0,,
14/07/25 11:00:35,d3a60768-84d6-4bff-8855-19171c4a4645,d3a60768-84d6-4bff-8855-19171c4a4645,0ed3c6ae-9a69-4458-aac5-b6c3342c8954,37600,5,2300,1,1,2025-07-12T13:06:08.710Z,False,39900,37600,True,SELLABLESKU,False,Cold Drinks & Juices,Fruit Juices & Drinks,LITER,3760,LITER,31900,c41e2ad3-2dcc-42b6-829b-7e3a8e78d754,dc3358f1-085d-4fa3-bce6-5f603d0dae0a,Raw Pressery Valencia Orange Fruit Juice,Raw Pressery,India,Rakyan Beverages Pvt. Ltd,"Rakyan Beverages Pvt. Ltd, B-12, JWC Logistic Park Pvt. Ltd., National Highway No.17 Palaspe, Panvel, Maharashtra.","ORANGE JUICE(91.8%), ORANGE PULP, CITRUS FIBER, ANTIOXIDANT / VITAMIN C ( INS 300)",64b0ed2d-8512-4b39-b2c1-5c6c50849db6,39900,1.0,1 L,LITER,1000,12,9 months,,1,True,False,4.6,176,TIER_2,2300.0,,
14/07/25 11:00:35,912d3118-54e0-4fa1-aca8-773503c953bd,912d3118-54e0-4fa1-aca8-773503c953bd,0ed3c6ae-9a69-4458-aac5-b6c3342c8954,28300,12,4200,2,2,2025-07-14T03:57:50.555Z,False,32500,28300,True,SELLABLESKU,False,Cold Drinks & Juices,Vegan Drinks,LITER,2830,LITER,26200,dcfd1067-a597-4ef0-81d6-9a3d1b9a2891,231e4f88-15d8-4eb1-9e34-764e4aad6077,Raw Pressery Almond Milk,Raw Pressery,India,Rakyan Beverages Pvt. Ltd,"Rakyan Beverages Pvt. Ltd, B-12, JWC Logistic Park Pvt. Ltd., National Highway No.17 Palaspe, Panvel, Maharashtra.",,1b1b90cc-ad0a-4f14-81a4-14f22b8b64ac,32500,1.0,1 L,LITER,1000,8,12 months,,2,True,False,4.5,113,TIER_2,4200.0,,
14/07/25 11:00:35,4b668e76-6797-5321-8a14-2a129750e84c,4b668e76-6797-5321-8a14-2a129750e84c,554896ba-1bc3-493a-84c2-8a0ce07c2611,60000,0,0,2,2,2025-07-11T14:00:03.585Z,False,60000,60000,True,SELLABLESKU,False,Cold Drinks & Juices,Instant Drink Mixes,PIECE,60000,PIECE,55100,4d088b94-ba43-4bf0-a881-a573862aa0a1,de9335ec-12d2-412f-acff-9b04b54ca532,Good Monk Pineapple Instant Drink Mix,Good Monk,India,Vital Neutraceuticals Pvt ltd,,,dfc4eae1-4466-47da-837c-ba475bdaae27,60000,1.0,396 g,PIECE,396,6,12 months,,2,True,False,4.2,541,,,,
14/07/25 11:00:35,00c220fd-4adb-527f-bb91-4f9327ca5df1,00c220fd-4adb-527f-bb91-4f9327ca5df1,0ed3c6ae-9a69-4458-aac5-b6c3342c8954,10000,0,0,6,6,2025-07-13T09:19:12.540Z,False,10000,10000,True,SELLABLESKU,False,Cold Drinks & Juices,Fruit Juices & Drinks,LITER,1000,LITER,9600,c41e2ad3-2dcc-42b6-829b-7e3a8e78d754,e880c134-66ab-4b9e-85a4-cfa880755af3,Frooti Mango Drink,Frooti,India,,,,e4578a06-0624-4988-9e64-680698c58557,10000,1.25,10 x 125 ml,LITER,1250,6,180 days,,6,False,False,4.8,1226,,,,
14/07/25 11:00:35,c6a712c0-7384-4fc1-a46b-3c1a8ca4cca6,c6a712c0-7384-4fc1-a46b-3c1a8ca4cca6,0ed3c6ae-9a69-4458-aac5-b6c3342c8954,16200,10,1800,2,2,2025-07-13T02:25:20.334Z,False,18000,16200,True,SELLABLESKU,False,Cold Drinks & Juices,Soft Drinks,LITER,810,LITER,15300,dff3658b-c351-4e7f-8196-e98d0c66d99e,9137d726-af4c-4749-978a-95299ff21525,Bombay Banta Assorted Flavoured Soft Drink,Bombay Banta,India,,,,4f645769-2a09-4a6a-8bef-5dc6fd4625cd,18000,2.0,8 x 250 ml,LITER,2000,6,180 days,,2,True,False,4.8,71,TIER_2,1800.0,,
14/07/25 11:00:35,82ef7e7f-101e-4072-8fd8-24bc51fd6012,82ef7e7f-101e-4072-8fd8-24bc51fd6012,0ed3c6ae-9a69-4458-aac5-b6c3342c8954,11000,4,500,1,1,2025-07-12T15:57:23.836Z,False,11500,11000,True,SELLABLESKU,False,Cold Drinks & Juices,Instant Drink Mixes,GRAM,5500,GRAM,10700,4d088b94-ba43-4bf0-a881-a573862aa0a1,70255ead-049e-4f7b-bd7a-7c7d9b5d6d05,Hershey's Strawberry Syrup,Hershey's,USA,The Hershey's Company,"Hershey India Pvt Ltd, Plot, No 5, New Industrial Area No. 1, Mandideep Dist, Raisen - 462046, Madhya Pradesh.",,decb8a7d-bc15-4aa5-b610-f667e86c97f8,11500,200.0,200 g,GRAM,200,12,13 months,,1,False,False,4.4,174,TIER_2,500.0,,
14/07/25 11:00:35,0b5b2d13-f411-452c-8df2-2a9adf7a8cbb,0b5b2d13-f411-452c-8df2-2a9adf7a8cbb,0ed3c6ae-9a69-4458-aac5-b6c3342c8954,27500,6,2000,2,2,2025-06-21T06:10:32.992Z,False,29500,27500,True,SELLABLESKU,False,Cold Drinks & Juices,Non-Alcoholic & Energy Drink,PIECE,1375,PIECE,27400,c6bba2b2-6b2d-4bd4-ae3d-adb6f9383393,9d102185-1fa3-4109-84a0-e2b4067c6fd8,Fast&Up Reload Energy Drink Low Sugar Electrolyte - Berry Flavour,Fast&up,India,Fast&Up,"Fast&Up, Wing-A, Lion Sole Marg, Highland Park, Andheri West, Mumbai, Maharashtra 400102.",,4b659ece-3219-4eb8-9bf9-917c73c64361,29500,20.0,1 pack (20 pcs),PIECE,20,12,24 months,,2,True,False,5.0,65,TIER_2,2000.0,,
14/07/25 11:00:35,da9c30f1-40ba-4101-a995-311507f1ebcf,da9c30f1-40ba-4101-a995-311507f1ebcf,0ed3c6ae-9a69-4458-aac5-b6c3342c8954,60000,0,0,1,1,2025-06-30T19:07:35.688Z,False,60000,60000,True,SELLABLESKU,False,Cold Drinks & Juices,Water,PIECE,10000,PIECE,60000,b783925b-6b57-4750-99f6-01ea5145ec5e,a3ec15c5-a259-487c-9644-5b210a5a8771,Aava Sparkling Water,AAVA,India,,,,0d29a119-9f54-4071-a8b7-116cfac4dfc4,60000,6.0,6 x 500 ml,PIECE,3000,6,180 days,,1,True,False,3.9,52,,,,
14/07/25 11:00:35,776c0eb1-d8bc-4e31-9458-fe55da297135,776c0eb1-d8bc-4e31-9458-fe55da297135,0ed3c6ae-9a69-4458-aac5-b6c3342c8954,1900,5,100,6,6,2025-07-13T09:13:40.988Z,False,2000,1900,True,SELLABLESKU,False,Cold Drinks & Juices,Soft Drinks,MILLILITRE,700,MILLILITRE,1900,dff3658b-c351-4e7f-8196-e98d0c66d99e,b54a91f2-3ccb-43cf-941e-28001b9b280b,Bombay Banta Imli Jeera Soft Drink,Bombay Banta,India,,,,be528717-fa5a-4c31-a02e-a282e1e8952e,2000,250.0,,MILLILITRE,250,6,6 months,,6,False,False,4.4,768,TIER_2,100.0,,
14/07/25 11:00:35,b382babb-cac1-468b-8233-dd3e9c6686fc,b382babb-cac1-468b-8233-dd3e9c6686fc,0ed3c6ae-9a69-4458-aac5-b6c3342c8954,8000,0,0,1,1,2025-07-11T14:22:48.765Z,False,8000,8000,True,SELLABLESKU,False,Cold Drinks & Juices,Milk Drinks,MILLILITRE,4400,MILLILITRE,8000,c5638eba-30c0-4a40-8c63-c9947fd22c16,e7e3bea7-3acb-4980-abb5-50f0406a7780,Epigamia Greek Yogurt Blueberry Smoothie,Epigamia,India,Drums Food International Pvt Ltd,"Drums Food International Pvt Ltd, The Centrium, Office No 2 ( Unit 302) , Phoenix Marketcity , LBS Marg, Kurla West, Mumbai 400070.","Greek Yogurt (Pasteurized Double Toned Milk, Milk Solids, Stabilizing Agent (Pectin Ins 440), Permitted Starter Cultures), Processed Blueberry Pulp (Sugar, Blueberry Puree, Water, Stabilizing Agent (Pectin Ins 440), Lemon Juice Concentrate) Total Fruit Content: 3%",52cd9ab1-a85b-41fe-b213-341e3dfd82d6,8000,180.0,180 ml,MILLILITRE,200,12,30 days,,1,False,False,4.7,205,,,,
14/07/25 11:00:35,67d71fc1-de0e-4986-b477-d47a7bffed7f,67d71fc1-de0e-4986-b477-d47a7bffed7f,0ed3c6ae-9a69-4458-aac5-b6c3342c8954,27900,5,1600,3,3,2025-07-12T06:31:42.147Z,False,29500,27900,True,SELLABLESKU,False,Cold Drinks & Juices,Vegan Drinks,LITER,2790,LITER,27800,dcfd1067-a597-4ef0-81d6-9a3d1b9a2891,48dd7ede-e731-4b0a-ae7e-ea6393f13751,Only Earth Organic Coconut Drink,Only Earth,India,Naturise Consumer Products Pvt Ltd,"Naturise Consumer Products Pvt Ltd, 109, Vellala stree, Purasawalkam, Chennai 600084.",,7e1d7282-d490-4373-a4c7-1c7e44976830,29500,1.0,1 L,LITER,1000,12,12 months,,3,True,False,4.6,66,TIER_2,1600.0,,
14/07/25 11:00:35,31db9e03-a710-4fe7-a5c6-1a2df0714a24,31db9e03-a710-4fe7-a5c6-1a2df0714a24,0ed3c6ae-9a69-4458-aac5-b6c3342c8954,28300,8,2700,2,2,2025-07-11T14:00:59.382Z,False,31000,28300,True,SELLABLESKU,False,Cold Drinks & Juices,Non-Alcoholic & Energy Drink,PIECE,28300,PIECE,28200,c6bba2b2-6b2d-4bd4-ae3d-adb6f9383393,cef29fdf-0563-4666-b017-4cdc8b91d851,Fast&Up Reload Zero Sugar Energy Drink for Hydration - Ice Current Flavour,Fast&up,India,AERONUTRIX SPORTS PRODUCTS PVT LTD,,,a882b6ec-f992-435e-946e-aaad037ca556,31000,1.0,1 pack (22 pcs),PIECE,150,6,24 months,,2,True,False,4.6,981,TIER_2,2700.0,,
14/07/25 11:00:35,8126b483-30e5-5e25-91d6-48f86c9a692a,8126b483-30e5-5e25-91d6-48f86c9a692a,0ed3c6ae-9a69-4458-aac5-b6c3342c8954,60000,0,0,1,1,2025-07-11T13:54:37.210Z,False,60000,60000,True,SELLABLESKU,False,Cold Drinks & Juices,Water,PIECE,60000,PIECE,60000,b783925b-6b57-4750-99f6-01ea5145ec5e,81efb389-67b7-441c-9610-94cea61bb405,Evocus Natural Black Alkaline Water,Evocus,India,Evocus,,,df6aa881-f64c-4e06-a2c9-63e792d2c679,60000,1.0,1 pack (6 pcs),PIECE,3000,6,12 months,,1,True,False,4.2,68,,,,
14/07/25 11:00:35,9f018423-4088-466b-ab3d-b7a1d6f1f342,9f018423-4088-466b-ab3d-b7a1d6f1f342,0ed3c6ae-9a69-4458-aac5-b6c3342c8954,13500,0,0,2,2,2025-07-11T16:14:51.989Z,False,13500,13500,True,SELLABLESKU,False,Cold Drinks & Juices,Instant Drink Mixes,GRAM,12200,GRAM,13000,4d088b94-ba43-4bf0-a881-a573862aa0a1,a0b8811a-46da-4f3d-a436-469ff77115f0,hershey's Chocolate Instant Powder Mix,hershey's,India,Hershey's India,,,9e382434-e4ab-4571-8a8f-30f95b9ac3ee,13500,110.0,,GRAM,110,6,12 months,,2,False,False,4.7,266,,,,
14/07/25 11:00:35,eb7cd8e8-4983-4bda-8708-4912c8606caa,eb7cd8e8-4983-4bda-8708-4912c8606caa,0ed3c6ae-9a69-4458-aac5-b6c3342c8954,27500,6,2000,3,3,2025-07-07T22:29:56.289Z,False,29500,27500,True,SELLABLESKU,False,Cold Drinks & Juices,Non-Alcoholic & Energy Drink,PIECE,1375,PIECE,26000,c6bba2b2-6b2d-4bd4-ae3d-adb6f9383393,58329075-f4bb-4131-833f-6fd4653c8a12,Fast&Up Reload Energy Drink Low Sugar Electrolyte - Lime Lemon Flavour,Fast&up,India,Fast&Up,"Fast&Up, Wing-A, Lion Sole Marg, Highland Park, Andheri West, Mumbai, Maharashtra 400102.",,ea62fbf8-dc72-4655-97a8-1f891789341d,29500,20.0,1 pack (20 pcs),PIECE,20,12,24 months,,3,True,False,4.9,87,TIER_2,2000.0,,
14/07/25 11:00:35,9426d764-f832-4944-9ab8-48f0cd58e538,9426d764-f832-4944-9ab8-48f0cd58e538,0ed3c6ae-9a69-4458-aac5-b6c3342c8954,1900,5,100,6,6,2025-07-13T14:21:27.190Z,False,2000,1900,True,SELLABLESKU,False,Cold Drinks & Juices,Soft Drinks,MILLILITRE,700,MILLILITRE,1900,dff3658b-c351-4e7f-8196-e98d0c66d99e,adea52e2-48a2-4ebb-a358-868aaa04666d,Bombay Banta Lemon Soda Soft Drink,Bombay Banta,India,,,,3a989903-630f-49ac-b170-7b2c7bc1a2ab,2000,250.0,,MILLILITRE,250,6,6 months,,6,False,False,4.6,876,TIER_2,100.0,,
14/07/25 11:00:35,84e7d14d-3516-4965-ba43-3bccefb57aea,84e7d14d-3516-4965-ba43-3bccefb57aea,0ed3c6ae-9a69-4458-aac5-b6c3342c8954,7000,12,1000,1,1,2025-07-11T14:04:32.721Z,False,8000,7000,True,SELLABLESKU,False,Cold Drinks & Juices,Soda & Mixers,MILLILITRE,2800,MILLILITRE,7000,0df54b3f-11f6-4ada-b38a-9be38ea25eba,6196eb9e-3764-4e04-90e8-1be1b9d3c38c,3 Sisters Jeera Masala Soda,3 Sisters,India,Adhar Beverages Private Limited,,,e9977cfb-3bc9-4b2c-b10f-d1c4dd490f8c,8000,250.0,,MILLILITRE,270,6,18 months,,1,False,False,4.4,823,TIER_2,1000.0,,
14/07/25 11:00:35,62394c03-65d3-42a6-a565-f071079f120c,62394c03-65d3-42a6-a565-f071079f120c,0ed3c6ae-9a69-4458-aac5-b6c3342c8954,27600,8,2400,2,2,2025-07-13T10:26:35.325Z,False,30000,27600,True,SELLABLESKU,False,Cold Drinks & Juices,Vegan Drinks,LITER,2760,LITER,25800,dcfd1067-a597-4ef0-81d6-9a3d1b9a2891,a4d67bda-f8f2-4aa3-af00-3f18582c98ce,So Good Plant Based Almond Milk,So Good,India,Life Health Foods India Pvt Ltd,"Life Health Foods India Pvt Ltd No.510, Atlanta Estate, Dr.Ambedkar Chowk, Off. W.E. Highway,Goregaon(E), Mumbai.",Almond Milk,046dd783-2e2f-456c-b320-d5e0c8bf93dc,30000,1.0,1 L,LITER,1000,6,12 months,,2,True,False,4.7,101,TIER_2,2400.0,,
14/07/25 11:00:35,97009cfc-d553-5fd7-acad-7cd478aad164,97009cfc-d553-5fd7-acad-7cd478aad164,0ed3c6ae-9a69-4458-aac5-b6c3342c8954,1500,0,0,6,6,2025-07-14T05:29:55.065Z,False,1500,1500,True,SELLABLESKU,False,Cold Drinks & Juices,Milk Drinks,MILLILITRE,800,MILLILITRE,1300,c5638eba-30c0-4a40-8c63-c9947fd22c16,f7700c38-1875-45ab-8093-cf881029b677,Smoodh Chaas Masala Flavoured Buttermilk Pet,Smoodh,India,,,,3e857b3a-5a46-417f-b8bb-771339952771,1500,180.0,,MILLILITRE,180,6,180 days,,6,False,False,4.2,755,,,,
14/07/25 11:00:35,c6ea23f2-d175-4f33-9ecf-9c7e163981b5,c6ea23f2-d175-4f33-9ecf-9c7e163981b5,0ed3c6ae-9a69-4458-aac5-b6c3342c8954,1900,5,100,6,6,2025-07-13T19:11:15.972Z,False,2000,1900,True,SELLABLESKU,False,Cold Drinks & Juices,Soft Drinks,MILLILITRE,700,MILLILITRE,1900,dff3658b-c351-4e7f-8196-e98d0c66d99e,f9538f84-908d-4416-a688-506915f46275,Bombay Banta Kala Khatta Soft Drink,Bombay Banta,India,,,,d70671c3-dfcc-4cf5-a1e0-157f822cd4a5,2000,250.0,,MILLILITRE,250,6,6 months,,6,False,False,4.4,1480,TIER_2,100.0,,
14/07/25 11:18:43,72364048-e997-41e5-8ee0-d282c1ccc80d,72364048-e997-41e5-8ee0-d282c1ccc80d,0ed3c6ae-9a69-4458-aac5-b6c3342c8954,7000,12,1000,2,2,2025-07-11T13:58:01.309Z,False,8000,7000,True,SELLABLESKU,False,Cold Drinks & Juices,Soda & Mixers,MILLILITRE,2800,MILLILITRE,6400,0df54b3f-11f6-4ada-b38a-9be38ea25eba,5620d543-1717-4ba0-913a-e16724976e02,3 Sisters Imli Chaska Soda,3 Sisters,India,Adhar Beverages Private Limited,,,41e3069d-f14f-4da7-ba6b-123201c6f29a,8000,250.0,,MILLILITRE,270,6,18 months,,2,False,False,4.4,354,TIER_2,1000.0,,
14/07/25 11:18:43,93bfa381-8f8e-55a7-8972-1c88e262ec68,93bfa381-8f8e-55a7-8972-1c88e262ec68,0ed3c6ae-9a69-4458-aac5-b6c3342c8954,24500,23,7500,2,2,2025-07-12T01:31:37.006Z,False,32000,24500,True,SELLABLESKU,False,Cold Drinks & Juices,Instant Drink Mixes,GRAM,3200,GRAM,22900,4d088b94-ba43-4bf0-a881-a573862aa0a1,81b70af5-f11f-4444-bf08-9e535b877e08,Rasna Mango Instant Powder Mix,Rasna,India,Rasna Private Limited,,,3b09e1da-6ac6-48dd-b644-16de94da1c6a,32000,750.0,750 g,GRAM,750,6,24 months,,2,True,False,5.0,58,TIER_2,7500.0,,
14/07/25 11:18:43,ae379082-53cd-4e6c-88bd-022a45c8f930,ae379082-53cd-4e6c-88bd-022a45c8f930,0ed3c6ae-9a69-4458-aac5-b6c3342c8954,27400,7,2100,2,2,2025-07-10T23:30:09.621Z,False,29500,27400,True,SELLABLESKU,False,Cold Drinks & Juices,Non-Alcoholic & Energy Drink,PIECE,1370,PIECE,27400,c6bba2b2-6b2d-4bd4-ae3d-adb6f9383393,e18255d2-bc1e-46a6-a455-2d449f24cb10,Fast&Up Reload Energy Drink Low Sugar Electrolyte - Mojito Flavour,Fast&up,India,Fast&Up,,,24664565-a53a-4c06-b3ec-b41fb8b64639,29500,20.0,1 pack (20 pcs),PIECE,20,6,24 months,,2,True,False,4.2,843,TIER_2,2100.0,,
14/07/25 11:18:43,c77ad7bf-a35e-401c-932f-a1e445dd1650,c77ad7bf-a35e-401c-932f-a1e445dd1650,0ed3c6ae-9a69-4458-aac5-b6c3342c8954,7500,0,0,5,5,2025-07-13T06:50:33.690Z,False,7500,7500,True,SELLABLESKU,False,Cold Drinks & Juices,Fruit Juices & Drinks,MILLILITRE,600,MILLILITRE,6100,c41e2ad3-2dcc-42b6-829b-7e3a8e78d754,68b3332c-42b0-4999-ae8e-df77ecadc12e,Frooti Mango Fruit Juice,Frooti,India,Parle Agro,,"Water, Mango Pulp, Sugar, Acidity Regulator (330), Antioxidant (300). Contains Permitted (Class Ii) Preservatives (211.202.224). Contains Added Permitted Synthetic Food Colour (110) And Nature Identical Flavouring Substances (Mango).",73a33d8f-45f6-4a11-82ca-f5880412bf91,7500,1200.0,1.2 L,MILLILITRE,1200,24,179 days,per 100 ml of productEnergy (kcal) - 65Carbohydrates (g) - 16.2�Natural Sugar (g) - 2.5Added sugar (g) - 13.3Fat (g) - 0Protein (g) - 0Calcium (mg) - 8Vit A (mcg) - 120,5,False,False,4.7,6680,,,,
14/07/25 11:18:43,9fda4159-34dc-5a98-bb7f-47181baeae55,9fda4159-34dc-5a98-bb7f-47181baeae55,0ed3c6ae-9a69-4458-aac5-b6c3342c8954,4500,0,0,1,1,2025-07-12T16:20:15.607Z,False,4500,4500,True,SELLABLESKU,False,Cold Drinks & Juices,Soda & Mixers,MILLILITRE,1800,MILLILITRE,4200,0df54b3f-11f6-4ada-b38a-9be38ea25eba,82f1b820-933f-4be1-9924-851b073f0722,Bombay 99 Club Soda,Bombay 99,India,Parle Agro Pvt Ltd,"Parle Agro Pvt Ltd, Plot No. 32-42, Adakanhalli Industrial Area, Nanjangud Taluk, Mysore -571302' Country of origin",Purified Water & Carbon dioxide.,4ea99e0c-280d-4933-bafb-c7cabbc5df5a,4500,250.0,250 ml,MILLILITRE,250,16,12 months,,1,False,False,3.9,88,,,,
14/07/25 11:18:43,6b037605-e246-4cb2-b996-1a421527a542,6b037605-e246-4cb2-b996-1a421527a542,0ed3c6ae-9a69-4458-aac5-b6c3342c8954,9200,7,700,4,4,2025-07-12T23:46:11.756Z,False,9900,9200,True,SELLABLESKU,False,Cold Drinks & Juices,Non-Alcoholic & Energy Drink,MILLILITRE,2700,MILLILITRE,8500,c6bba2b2-6b2d-4bd4-ae3d-adb6f9383393,dc293798-dcd4-40fc-b123-6e9436b9890d,Coolberg Strawberry Non Alcoholic Beer,Coolberg,India,Coolberg Beverages Pvt Ltd,"Universal Business Park, 406, A-Wing, Off, Saki Vihar Rd, Chandivali, Mumbai, Maharashtra 400072.","Carbonated Water, Sugar, Apple Juice Concentrate (1.40%), Barley Malt, Acidulant (INS 330), Herbs, Permitted Class II Preservatives (INS 211), Acidity Regulator (INS 331), Contains Permitted Natural Food Colour (INS 150d) And Added flavours (Natural, Nature Identical And Artificial Flavouring Substances- Strawberry)",6c088207-64aa-4078-bf87-2c3c7efeda9a,9900,330.0,330 ml,MILLILITRE,330,12,12 months,Energy- 49.33 KcalProtein- 0.64 gCarbohydrates- 11.67 gSugar- 11.11 gFat- 0.01 g,4,False,False,4.7,836,TIER_2,700.0,,
14/07/25 11:18:43,295027cd-d4ed-57e7-987a-0c662831fb7b,295027cd-d4ed-57e7-987a-0c662831fb7b,0ed3c6ae-9a69-4458-aac5-b6c3342c8954,24500,23,7500,2,2,2025-06-15T10:03:34.156Z,False,32000,24500,True,SELLABLESKU,False,Cold Drinks & Juices,Instant Drink Mixes,GRAM,3200,GRAM,22900,4d088b94-ba43-4bf0-a881-a573862aa0a1,f6f74925-3b12-4bb7-a14c-57b8e0010da3,Rasna Lemon Instant Powder Mix,Rasna,India,Rasna Private Limited,,,14ef2002-e96a-4f46-ac64-31548d47a464,32000,750.0,,GRAM,750,6,24 months,,2,True,False,4.5,807,TIER_2,7500.0,,
14/07/25 11:18:43,23246ad6-cb0a-4278-9518-abd9c4d066bd,23246ad6-cb0a-4278-9518-abd9c4d066bd,0ed3c6ae-9a69-4458-aac5-b6c3342c8954,3400,15,600,4,4,2025-07-13T15:49:36.755Z,False,4000,3400,True,SELLABLESKU,False,Cold Drinks & Juices,Milk Drinks,MILLILITRE,1800,MILLILITRE,3000,c5638eba-30c0-4a40-8c63-c9947fd22c16,44c753c3-6c26-4223-a039-c94e6c99aa1c,Hershey's Chocolate Milkshake,Hershey's,USA,The Hershey's Company,"Hershey India Pvt Ltd, Plot, No 5, New Industrial Area No. 1, Mandideep Dist, Raisen - 462046, Madhya Pradesh.",,88e09c4d-9227-43b4-81bf-6299d92a654a,4000,180.0,180 ml,MILLILITRE,180,12,9 months,,4,False,False,4.6,2160,TIER_2,600.0,,
14/07/25 11:18:43,ebe2d7ce-7c66-4307-8974-e5d16c915787,ebe2d7ce-7c66-4307-8974-e5d16c915787,0ed3c6ae-9a69-4458-aac5-b6c3342c8954,2500,0,0,8,8,2025-07-13T09:33:20.601Z,False,2500,2500,True,SELLABLESKU,False,Cold Drinks & Juices,Soft Drinks,MILLILITRE,700,MILLILITRE,2400,dff3658b-c351-4e7f-8196-e98d0c66d99e,a6ee8bfd-8f4d-42dd-9b53-5c66cd9b71ce,7UP Nimbooz Soft Drink,7UP Nimbooz,India,Varun Beverages Limited,"Varun Beverages Limited, Plot No. 31, Institutional Area, Sector - 44, Gurgaon - 122002, Haryana, India.","Water, Sugar, Concentrated Lemon Juice (0.7%), Acidity Regulators (331(Iii), 296, 330), Flavour (Natural Flavouring Substances), Iodised Salt, Stabilizer (445(Iii)), Preservative (202). Equivalent To 5% Lemon Juice (Reconstituted)""",5958fc48-7c79-46e4-a5f0-b752158eacab,2500,350.0,350 ml,MILLILITRE,250,8,120 days,"Serve Size: 200 ml; 1.8 servings in this pack 
  Per 100 ml % RDA Per Serve
 Energy 42 kcal 4%
 Protein 0 g 
 Carbohydrate 10.6 g 
 Total Sugars  10.6 g 
 Added Sugars  10.5 g 42%
Total Fat 0 g 0%
 Saturated Fat  0 g 0%
Trans Fat  0 g 0%
Sodium  65 mg 7%
^Approximate Values""",8,False,False,4.7,7831,,,,
14/07/25 11:18:43,c93d8c2c-2036-4756-85c2-7a22e6ac1527,c93d8c2c-2036-4756-85c2-7a22e6ac1527,0ed3c6ae-9a69-4458-aac5-b6c3342c8954,27600,8,2400,2,2,2025-07-07T12:11:02.583Z,False,30000,27600,True,SELLABLESKU,False,Cold Drinks & Juices,Vegan Drinks,LITER,2760,LITER,26200,dcfd1067-a597-4ef0-81d6-9a3d1b9a2891,ac931d8e-612a-425b-9cb4-7efea478e971,So Good Regular Oat Milk,So Good,India,LHF,,,cedaec19-a71a-4fd7-8a34-8af2e85591f6,30000,1.0,1 L,LITER,1,12,12 months,,2,True,False,4.4,71,TIER_2,2400.0,,
14/07/25 11:18:43,a670315b-39d8-409b-b0ef-5fc3a5adfda1,a670315b-39d8-409b-b0ef-5fc3a5adfda1,0ed3c6ae-9a69-4458-aac5-b6c3342c8954,9200,7,700,3,3,2025-07-07T00:26:59.312Z,False,9900,9200,True,SELLABLESKU,False,Cold Drinks & Juices,Non-Alcoholic & Energy Drink,MILLILITRE,2700,MILLILITRE,8500,c6bba2b2-6b2d-4bd4-ae3d-adb6f9383393,38d6bdf6-5984-4a89-9806-3fcaca94bf30,Coolberg Peach Non Alcoholic Beer,Coolberg,India,Coolberg Beverages Pvt Ltd,"Universal Business Park, 406, A-Wing, Off, Saki Vihar Rd, Chandivali, Mumbai, Maharashtra 400072.",,015d8c7b-5906-48fe-b0ee-66a142d22f31,9900,330.0,330 ml,MILLILITRE,330,12,12 months,,3,True,False,4.7,352,TIER_2,700.0,,
14/07/25 11:18:43,21383217-2c62-4d32-9ddf-9b78f7e7714b,21383217-2c62-4d32-9ddf-9b78f7e7714b,0ed3c6ae-9a69-4458-aac5-b6c3342c8954,4000,0,0,24,24,2025-07-13T12:53:17.885Z,False,4000,4000,True,SELLABLESKU,False,Cold Drinks & Juices,Fruit Juices & Drinks,MILLILITRE,600,MILLILITRE,3200,c41e2ad3-2dcc-42b6-829b-7e3a8e78d754,68b3332c-42b0-4999-ae8e-df77ecadc12e,Frooti Mango Fruit Juice,Frooti,India,Parle Agro,,"Water, Mango Pulp, Sugar, Acidity Regulator (330), Antioxidant (300). Contains Permitted (Class Ii) Preservatives (211.202.224). Contains Added Permitted Synthetic Food Colour (110) And Nature Identical Flavouring Substances (Mango).",5d31041f-31fd-47b0-b1a4-cb03a40c30f4,4000,600.0,600 ml,MILLILITRE,600,24,6 months,,24,False,False,4.7,6680,,,,
14/07/25 11:18:43,acdf8b5b-4762-5b0b-aa16-011660778134,acdf8b5b-4762-5b0b-aa16-011660778134,0ed3c6ae-9a69-4458-aac5-b6c3342c8954,8500,14,1400,3,3,2025-07-12T17:28:33.090Z,False,9900,8500,True,SELLABLESKU,False,Cold Drinks & Juices,Non-Alcoholic & Energy Drink,MILLILITRE,2500,MILLILITRE,8000,c6bba2b2-6b2d-4bd4-ae3d-adb6f9383393,bc433c4c-6468-411a-bfd9-c2146d7993d2,Coolberg Mint Non Alcoholic Beer,Coolberg,India,,,,c73a5c08-03bb-4182-90a3-9b7f098fb130,9900,330.0,330 ml,MILLILITRE,600,6,12 months,,3,False,False,4.7,207,TIER_2,1400.0,,
14/07/25 11:18:43,53ea2bdb-37b7-446c-a6d0-807cd0513751,53ea2bdb-37b7-446c-a6d0-807cd0513751,0ed3c6ae-9a69-4458-aac5-b6c3342c8954,7500,0,0,12,12,2025-07-14T01:27:08.086Z,False,7500,7500,True,SELLABLESKU,False,Cold Drinks & Juices,Water,LITER,150,LITER,7500,b783925b-6b57-4750-99f6-01ea5145ec5e,0d579560-8fd3-4708-88b0-7ef5245ff0c9,Bisleri Packaged Drinking Water,Bisleri,India,BISLERI INTERNATIONAL PVT LTD,"BISLERI INTERNATIONAL PVT LTD, 29/33, UDAYAGIRI VILLAGE, DEVANAHALLI, BANGALORE-562110.",,02301ce1-e2ee-45f5-8761-39dfe0cc68f9,7500,5.0,5 L,LITER,5000,12,6 months,Typical value per 100 ml of product.Potassium (mg) - 0.1Magnesium (mg) - 0.2,12,False,False,4.7,3337,,,,
14/07/25 11:18:43,8c027ead-426f-479e-88b5-00adc84c6899,8c027ead-426f-479e-88b5-00adc84c6899,0ed3c6ae-9a69-4458-aac5-b6c3342c8954,9300,6,600,2,2,2025-07-11T16:02:58.945Z,False,9900,9300,True,SELLABLESKU,False,Cold Drinks & Juices,Non-Alcoholic & Energy Drink,MILLILITRE,2800,MILLILITRE,8600,c6bba2b2-6b2d-4bd4-ae3d-adb6f9383393,a979a8bc-3595-45b4-888c-98052c6bd3c7,3 Sisters Cranberry Non Alcoholic Beer,3 Sisters,India,,,,40b9a67f-05ac-4882-a9f7-74a18d95eb06,9900,330.0,,MILLILITRE,600,6,12 months,,2,False,False,4.4,449,TIER_2,600.0,,
14/07/25 11:18:43,759842ab-2e5e-4eaf-9cd0-414cf5b2f80c,759842ab-2e5e-4eaf-9cd0-414cf5b2f80c,0ed3c6ae-9a69-4458-aac5-b6c3342c8954,27700,14,4800,1,1,2025-07-12T23:21:03.189Z,False,32500,27700,True,SELLABLESKU,False,Cold Drinks & Juices,Vegan Drinks,LITER,2770,LITER,27600,dcfd1067-a597-4ef0-81d6-9a3d1b9a2891,c9938583-baa6-4d52-84cb-382e7f6f9d04,So Good Barista Oat Beverage,So Good,India,LHF,,,33833e18-df7a-46d4-bd41-32abd6a71f16,32500,1.0,1 L,LITER,1000,6,12 months,,1,True,False,4.5,616,TIER_2,4800.0,,
14/07/25 11:18:43,8395089d-9fb6-4444-bd51-216346d42120,8395089d-9fb6-4444-bd51-216346d42120,0ed3c6ae-9a69-4458-aac5-b6c3342c8954,66000,0,0,3,3,2025-07-13T14:03:28.728Z,False,66000,66000,True,SELLABLESKU,False,Cold Drinks & Juices,Soda & Mixers,MILLILITRE,20000,MILLILITRE,47500,0df54b3f-11f6-4ada-b38a-9be38ea25eba,b8cbee0e-6759-48a7-a6b3-f7d84ceb0096,Perrier Natural Sparkling Water,Perrier,France,,,,3ad14843-0d8d-406d-ba61-3f7ddb1af331,66000,330.0,4 x 330 ml,MILLILITRE,1320,6,36 months,,3,True,False,5.0,52,,,,
14/07/25 11:18:43,faf2809d-f71b-5254-8437-d820de96ba40,faf2809d-f71b-5254-8437-d820de96ba40,0ed3c6ae-9a69-4458-aac5-b6c3342c8954,9900,0,0,2,2,2025-07-09T08:16:31.811Z,False,9900,9900,True,SELLABLESKU,False,Cold Drinks & Juices,Instant Drink Mixes,MILLILITRE,3000,MILLILITRE,9400,4d088b94-ba43-4bf0-a881-a573862aa0a1,98cc8680-43a1-47d3-8d58-6f870cf51e88,Mapro Strawberry Fruit Crush,Mapro,India,,,,f5a6598e-7c4d-4b92-bf53-50c611cd05a0,9900,330.0,330 ml,MILLILITRE,330,6,12 months,,2,True,False,4.6,303,,,,
14/07/25 11:18:43,5d32eaf6-64e6-4fa8-8c86-c0a394b574c5,5d32eaf6-64e6-4fa8-8c86-c0a394b574c5,0ed3c6ae-9a69-4458-aac5-b6c3342c8954,3500,12,500,6,6,2025-07-12T11:41:01.902Z,False,4000,3500,True,SELLABLESKU,False,Cold Drinks & Juices,Milk Drinks,MILLILITRE,1900,MILLILITRE,3300,c5638eba-30c0-4a40-8c63-c9947fd22c16,c6e2b7d7-146e-4303-a393-f33aa183bca5,Hershey's Cookies and Cream Milkshake,Hershey's,USA,The Hershey's Company,"Hershey India Private Limited, Plot No. 5, New Industrial Area No. 1, Mandideep, Dist Raisen 462046, MP, India",,92461036-68ef-4af6-ae40-77836b4da717,4000,180.0,180 ml,MILLILITRE,180,12,9 months,,6,False,False,4.4,858,TIER_2,500.0,,
14/07/25 11:18:43,057d52e4-a0a5-48a3-90f4-a8336576a697,057d52e4-a0a5-48a3-90f4-a8336576a697,0ed3c6ae-9a69-4458-aac5-b6c3342c8954,3000,0,0,12,12,2025-07-13T22:37:31.030Z,False,3000,3000,True,SELLABLESKU,False,Cold Drinks & Juices,Water,LITER,150,LITER,3000,b783925b-6b57-4750-99f6-01ea5145ec5e,6399053f-7bde-4fd2-b1f1-76df91853fdd,Bisleri Packaged Drinking Water,Bisleri,India,BISLERI INTERNATIONAL PVT LTD,"BISLERI INTERNATIONAL PVT LTD, 29/33, UDAYAGIRI VILLAGE, DEVANAHALLI, BANGALORE-562110.",,d565b64e-9cc5-4b0d-9189-35129776abdb,3000,2.0,2 l,LITER,2,12,6 months,Typical value per 100 ml of product.Potassium (mg) - 0.1Magnesium (mg) - 0.2,12,False,False,4.8,7137,,,,
14/07/25 11:18:43,03a0dbcf-2ab6-4305-84a8-e576c37b8728,03a0dbcf-2ab6-4305-84a8-e576c37b8728,0ed3c6ae-9a69-4458-aac5-b6c3342c8954,27700,14,4800,4,4,2025-07-12T04:35:36.745Z,False,32500,27700,True,SELLABLESKU,False,Cold Drinks & Juices,Vegan Drinks,LITER,2770,LITER,19500,dcfd1067-a597-4ef0-81d6-9a3d1b9a2891,44cae3b5-1e38-4a08-9d13-f39fff737826,Epigamia Almond Milk,Epigamia,India,Drums Food International Pvt Ltd,"Drums Food International Pvt Ltd, The Centrium, Office No 2 ( Unit 302) , Phoenix Marketcity , LBS Marg, Kurla West, Mumbai 400070.",,6312bdca-1472-4df2-ae61-32e235e41ec6,32500,1.0,1 L,LITER,1,12,9 months,,4,True,False,4.7,511,TIER_2,4800.0,,
14/07/25 11:18:43,bf0ab63a-09ae-511f-8747-3eb22a3730fa,bf0ab63a-09ae-511f-8747-3eb22a3730fa,0ed3c6ae-9a69-4458-aac5-b6c3342c8954,19800,0,0,2,2,2025-07-10T18:32:44.110Z,False,19800,19800,True,SELLABLESKU,False,Cold Drinks & Juices,Instant Drink Mixes,MILLILITRE,2600,MILLILITRE,18800,4d088b94-ba43-4bf0-a881-a573862aa0a1,bdeeb136-c44c-4fbb-a48c-713834a5d87b,Mapro Strawberry Fruit Crush,Mapro,India,,,,0a7cadba-08b4-48e5-97f3-1a263b7b34de,19800,750.0,750 ml,MILLILITRE,750,6,12 months,,2,True,False,4.2,593,,,,
14/07/25 11:18:43,e2268e4b-824e-4d9e-bcb7-4e5a59537e70,e2268e4b-824e-4d9e-bcb7-4e5a59537e70,0ed3c6ae-9a69-4458-aac5-b6c3342c8954,3600,10,400,5,5,2025-07-13T12:29:54.632Z,False,4000,3600,True,SELLABLESKU,False,Cold Drinks & Juices,Milk Drinks,MILLILITRE,2000,MILLILITRE,3400,c5638eba-30c0-4a40-8c63-c9947fd22c16,4fd9f646-a508-4343-bb65-6def1bb1a945,Epigamia Chocolate Milkshake,Epigamia,India,Drums Food International Pvt Ltd,"Drums Food International Pvt Ltd, The Centrium, Office No 2 ( Unit 302) , Phoenix Marketcity , LBS Marg, Kurla West, Mumbai 400070.","Fortified Toned Milk (73.4%) [Milk, Milk Solids, Vitamin A&D], Water, Sugar, Milk Solids, Cocoa Powder (115%), Emulsifier & Stabilizer (INS 471, INS 407, INS 412), Acidity Regulator [INS 339 (ii)], Flavour (Nature Identical Flavouring substances), Iodized Salt.",88f70d00-4561-4232-8bc7-e0331d189055,4000,180.0,180 ml,MILLILITRE,180,16,9 months,"Per 100 ml :-Energy 103 Kcal,Protein 3 g,Carbohydrate 15.5 g,Total Sugars 15.5 g,Added Sugars 11 g,Total Fat 3.2 g,Saturated Fat 2 g,Trans Fat 0.1 g,Cholesterol 10.1 mg,Vitamin A 66.9 mcg,VitaminD 0.60 mcg,Calcium 100 mg,Sodium 50 mg.",5,False,False,4.6,1544,TIER_2,400.0,,
14/07/25 11:18:43,10ad5afb-19d5-459a-acac-76d546d95772,10ad5afb-19d5-459a-acac-76d546d95772,0ed3c6ae-9a69-4458-aac5-b6c3342c8954,4000,0,0,2,2,2025-07-13T16:11:45.864Z,False,4000,4000,True,SELLABLESKU,False,Cold Drinks & Juices,Soft Drinks,MILLILITRE,600,MILLILITRE,3800,dff3658b-c351-4e7f-8196-e98d0c66d99e,f5e2a467-d8d2-4b7a-82b8-6169d19f2fb8,Appy Fizz Apple Soft Drink | Pet,Appy,India,Parle Agro Pvt Ltd,"Parle Agro Pvt Ltd, Plot No; 32 to 46 & 54 to 63, Adakanahalli Industrial Area, Nanjangud taluk, Mysore District - 571302.","Water, Reconstituted Apple Juice, Sugar, CO2, Acidity Regulators, Antioxidant.",6a99c24e-d8f2-4f51-8aef-8282ffc69dca,4000,600.0,600 ml,MILLILITRE,600,12,120 days,Typical value per 100 ml of product.Energy (kcal) - 54Carbohydrates (g) - 13.6 -Natural Sugar (g) - 1.3 -Sugar (g) - 12.3Fat (g) - 0Protein (g) - 0,2,False,False,4.7,4085,,,,
14/07/25 11:18:43,6016911d-1a8d-41c0-8b4f-b900e2302bfb,6016911d-1a8d-41c0-8b4f-b900e2302bfb,0ed3c6ae-9a69-4458-aac5-b6c3342c8954,8700,37,5300,1,1,2025-07-07T20:25:45.332Z,False,14000,8700,True,SELLABLESKU,False,Cold Drinks & Juices,Fruit Juices & Drinks,LITER,870,LITER,8300,c41e2ad3-2dcc-42b6-829b-7e3a8e78d754,bc5b9f2e-757d-44ec-8f0d-a85862f9dd80,B Natural Apple Fruit Juice,B Natural,India,ITC Limited,"ITC Limited, 37, J.L. Nehru Road, Kolkata- 700071.","Water, Apple Juice, Concentrate 17.6%",30cb5331-30f9-42f7-8b1d-ce61e01c4369,14000,1.0,1 L,LITER,1000,6,9 months,per 100 ml of product.Energy (kcal) - 54 Protein (g) - 0 Carbohydrates (g) - 13.5 Natural Sugar - 1.5 Added Sugar (g) - 12 Fat (g) - 0 Vit C (mg) - 17,1,False,False,4.4,177,TIER_2,5300.0,,
14/07/25 11:18:43,1c531bf3-6987-5fee-9e16-626c22280284,1c531bf3-6987-5fee-9e16-626c22280284,0ed3c6ae-9a69-4458-aac5-b6c3342c8954,12000,20,3000,2,2,2025-07-11T13:54:33.826Z,False,15000,12000,True,SELLABLESKU,False,Cold Drinks & Juices,Milk Drinks,MILLILITRE,4000,MILLILITRE,11000,c5638eba-30c0-4a40-8c63-c9947fd22c16,ce773cc3-4d44-4f63-8eed-c5eb19679db8,Maiva Pro Coffee 20g Plant Protein 20 Multivitamin Shake,Maiva Fresh,India,Armaara Innoventures Pvt. Ltd.,,,04a5dce2-b983-425c-8383-3d71f92f3763,15000,300.0,,MILLILITRE,300,6,180 days,,2,False,False,4.6,288,TIER_2,3000.0,,
14/07/25 11:18:43,02f72153-1ec1-42c5-b1e2-5f7b885190a6,02f72153-1ec1-42c5-b1e2-5f7b885190a6,0ed3c6ae-9a69-4458-aac5-b6c3342c8954,3500,12,500,2,2,2025-07-11T15:58:05.768Z,False,4000,3500,True,SELLABLESKU,False,Cold Drinks & Juices,Milk Drinks,MILLILITRE,1900,MILLILITRE,3400,c5638eba-30c0-4a40-8c63-c9947fd22c16,f46e60af-448c-42c2-ba27-39429ea64394,Hershey's Vanilla Milkshake,Hershey's,USA,The Hershey's Company,"HERSHEY INDIA PVT. LTD., SCHINDLER HOUSE, HIRANANDANI GARDENS, POWAI, MUMBAI- 400076.","Water, Sugar, Milk Solids (8%), Emulsifier (460(i), 466, 471, 407), Mineral (Calcium Carbonate), Sequestrant (339(ii)), Mineral (Zinc Sulphate), Vitamin E (Acetate), Vitamin A (Acetate), Vitamin D2 (Ergocalciferol), Vitamin B1 (Thiamine Chloride Hydrochloride) and Vitamin B2 (Riboflavin) and Edible Common Salt.",15b5921f-f2b6-49b2-9d5e-ae1a8d22583a,4000,180.0,180 ml,MILLILITRE,180,8,9 months,"Energy 155.6 Kcal,Protein - 3.6g,Carbohydrates -28.54g,Sugar 21,24g,Fat 3g,Calcium - 324mg",2,False,False,4.5,558,TIER_2,500.0,,
14/07/25 11:18:43,6ad4732b-003c-4c46-a902-2db5656f21b4,6ad4732b-003c-4c46-a902-2db5656f21b4,0ed3c6ae-9a69-4458-aac5-b6c3342c8954,9400,5,500,12,12,2025-07-13T06:29:14.771Z,False,9900,9400,True,SELLABLESKU,False,Cold Drinks & Juices,Soft Drinks,LITER,470,LITER,7300,dff3658b-c351-4e7f-8196-e98d0c66d99e,e358d59a-f7dd-4d43-83a8-a48b8ebbafa0,Pepsi Soft Drink,Pepsi,India,Varun Beverages Limited,"Varun Beverages Limited, Plot No. 31, Institutional Area, Sector - 44, Gurgaon - 122002, Haryana, India.",,82675cec-f35e-4f33-86c9-39d6b0b94f39,9900,2.25,2.25 L,LITER,2250,24,120 days,,12,False,False,4.7,10488,TIER_2,500.0,,
14/07/25 11:18:43,05cadf20-eeb6-458d-a7e4-ebc7e35bcc88,05cadf20-eeb6-458d-a7e4-ebc7e35bcc88,0ed3c6ae-9a69-4458-aac5-b6c3342c8954,2000,0,0,24,24,2025-07-13T22:39:51.233Z,False,2000,2000,True,SELLABLESKU,False,Cold Drinks & Juices,Water,LITER,200,LITER,2000,b783925b-6b57-4750-99f6-01ea5145ec5e,6399053f-7bde-4fd2-b1f1-76df91853fdd,Bisleri Packaged Drinking Water,Bisleri,India,BISLERI INTERNATIONAL PVT LTD,"BISLERI INTERNATIONAL PVT LTD, 29/33, UDAYAGIRI VILLAGE, DEVANAHALLI, BANGALORE-562110.",,569a128f-b7e7-419f-9dfd-01909d78c0ea,2000,1.0,1 L,LITER,1000,24,6 months,Typical value per 100 ml of product.Potassium (mg) - 0.1Magnesium (mg) - 0.2,24,False,False,4.8,7137,,,,
14/07/25 11:18:43,7fb0d1cc-4cf5-43cb-92d6-05fbc96d8a6b,7fb0d1cc-4cf5-43cb-92d6-05fbc96d8a6b,0ed3c6ae-9a69-4458-aac5-b6c3342c8954,7700,9,800,12,12,2025-07-13T09:27:57.386Z,False,8500,7700,True,SELLABLESKU,False,Cold Drinks & Juices,Vegan Drinks,MILLILITRE,3800,MILLILITRE,7300,dcfd1067-a597-4ef0-81d6-9a3d1b9a2891,438421fd-75e4-4f17-8bfa-644cead28750,Dabur Hommade Organic Coconut Milk,Dabur Hommade,India,Dabur India Limited,"Dabur India Limited, Plot No-22, Site 4, Sahibabad, Sahibabad Industrial Area, Sahibabad Industrial Area, Ghaziabad, Uttar Pradesh.",,9687009f-7d47-4cd0-8b2e-6512e9730427,8500,200.0,200 ml,MILLILITRE,200,12,9 months,,12,False,False,4.7,625,TIER_2,800.0,,
14/07/25 11:18:43,8f728ced-5283-4d01-a349-663187cfa165,8f728ced-5283-4d01-a349-663187cfa165,0ed3c6ae-9a69-4458-aac5-b6c3342c8954,3500,12,500,2,2,2025-07-09T09:49:50.616Z,False,4000,3500,True,SELLABLESKU,False,Cold Drinks & Juices,Milk Drinks,MILLILITRE,1900,MILLILITRE,3300,c5638eba-30c0-4a40-8c63-c9947fd22c16,6a77a4b6-b891-48f1-9c3c-06d9fcff50a1,Hershey's Milkshake Cashew Butterscotch Ice Cream Flavor,Hershey's,India,?Makson Pharmaceutical (I) Pvt. Ltd.,,,9bf072a0-b990-467c-9c2b-90a2c74d40a7,4000,180.0,180 ml,MILLILITRE,180,6,9 months,,2,False,False,4.5,618,TIER_2,500.0,,
14/07/25 11:18:43,fa172295-b259-4fdc-9852-0938e7f2008c,fa172295-b259-4fdc-9852-0938e7f2008c,0ed3c6ae-9a69-4458-aac5-b6c3342c8954,3600,10,400,2,2,2025-07-07T23:57:42.652Z,False,4000,3600,True,SELLABLESKU,False,Cold Drinks & Juices,Milk Drinks,MILLILITRE,2000,MILLILITRE,3400,c5638eba-30c0-4a40-8c63-c9947fd22c16,88f320d1-761a-4b0e-be92-61e9733b41d5,Hershey's Coffee Mocha Flavoured Milkshake,Hershey's,India,?Makson Pharmaceutical (I) Pvt. Ltd.,,,b4d48bc1-1760-44de-afa9-402cad1ceb25,4000,180.0,180 ml ,MILLILITRE,180,6,9 months,,2,False,False,4.4,272,TIER_2,400.0,,
14/07/25 11:18:57,72364048-e997-41e5-8ee0-d282c1ccc80d,72364048-e997-41e5-8ee0-d282c1ccc80d,0ed3c6ae-9a69-4458-aac5-b6c3342c8954,7000,12,1000,2,2,2025-07-11T13:58:01.309Z,False,8000,7000,True,SELLABLESKU,False,Cold Drinks & Juices,Soda & Mixers,MILLILITRE,2800,MILLILITRE,6400,0df54b3f-11f6-4ada-b38a-9be38ea25eba,5620d543-1717-4ba0-913a-e16724976e02,3 Sisters Imli Chaska Soda,3 Sisters,India,Adhar Beverages Private Limited,,,41e3069d-f14f-4da7-ba6b-123201c6f29a,8000,250.0,,MILLILITRE,270,6,18 months,,2,False,False,4.4,354,TIER_2,1000.0,,
14/07/25 11:18:57,93bfa381-8f8e-55a7-8972-1c88e262ec68,93bfa381-8f8e-55a7-8972-1c88e262ec68,0ed3c6ae-9a69-4458-aac5-b6c3342c8954,24500,23,7500,2,2,2025-07-12T01:31:37.006Z,False,32000,24500,True,SELLABLESKU,False,Cold Drinks & Juices,Instant Drink Mixes,GRAM,3200,GRAM,22900,4d088b94-ba43-4bf0-a881-a573862aa0a1,81b70af5-f11f-4444-bf08-9e535b877e08,Rasna Mango Instant Powder Mix,Rasna,India,Rasna Private Limited,,,3b09e1da-6ac6-48dd-b644-16de94da1c6a,32000,750.0,750 g,GRAM,750,6,24 months,,2,True,False,5.0,58,TIER_2,7500.0,,
14/07/25 11:18:57,ae379082-53cd-4e6c-88bd-022a45c8f930,ae379082-53cd-4e6c-88bd-022a45c8f930,0ed3c6ae-9a69-4458-aac5-b6c3342c8954,27400,7,2100,2,2,2025-07-10T23:30:09.621Z,False,29500,27400,True,SELLABLESKU,False,Cold Drinks & Juices,Non-Alcoholic & Energy Drink,PIECE,1370,PIECE,27400,c6bba2b2-6b2d-4bd4-ae3d-adb6f9383393,e18255d2-bc1e-46a6-a455-2d449f24cb10,Fast&Up Reload Energy Drink Low Sugar Electrolyte - Mojito Flavour,Fast&up,India,Fast&Up,,,24664565-a53a-4c06-b3ec-b41fb8b64639,29500,20.0,1 pack (20 pcs),PIECE,20,6,24 months,,2,True,False,4.2,843,TIER_2,2100.0,,
14/07/25 11:18:57,c77ad7bf-a35e-401c-932f-a1e445dd1650,c77ad7bf-a35e-401c-932f-a1e445dd1650,0ed3c6ae-9a69-4458-aac5-b6c3342c8954,7500,0,0,5,5,2025-07-13T06:50:33.690Z,False,7500,7500,True,SELLABLESKU,False,Cold Drinks & Juices,Fruit Juices & Drinks,MILLILITRE,600,MILLILITRE,6100,c41e2ad3-2dcc-42b6-829b-7e3a8e78d754,68b3332c-42b0-4999-ae8e-df77ecadc12e,Frooti Mango Fruit Juice,Frooti,India,Parle Agro,,"Water, Mango Pulp, Sugar, Acidity Regulator (330), Antioxidant (300). Contains Permitted (Class Ii) Preservatives (211.202.224). Contains Added Permitted Synthetic Food Colour (110) And Nature Identical Flavouring Substances (Mango).",73a33d8f-45f6-4a11-82ca-f5880412bf91,7500,1200.0,1.2 L,MILLILITRE,1200,24,179 days,per 100 ml of productEnergy (kcal) - 65Carbohydrates (g) - 16.2�Natural Sugar (g) - 2.5Added sugar (g) - 13.3Fat (g) - 0Protein (g) - 0Calcium (mg) - 8Vit A (mcg) - 120,5,False,False,4.7,6680,,,,
14/07/25 11:18:57,9fda4159-34dc-5a98-bb7f-47181baeae55,9fda4159-34dc-5a98-bb7f-47181baeae55,0ed3c6ae-9a69-4458-aac5-b6c3342c8954,4500,0,0,1,1,2025-07-12T16:20:15.607Z,False,4500,4500,True,SELLABLESKU,False,Cold Drinks & Juices,Soda & Mixers,MILLILITRE,1800,MILLILITRE,4200,0df54b3f-11f6-4ada-b38a-9be38ea25eba,82f1b820-933f-4be1-9924-851b073f0722,Bombay 99 Club Soda,Bombay 99,India,Parle Agro Pvt Ltd,"Parle Agro Pvt Ltd, Plot No. 32-42, Adakanhalli Industrial Area, Nanjangud Taluk, Mysore -571302' Country of origin",Purified Water & Carbon dioxide.,4ea99e0c-280d-4933-bafb-c7cabbc5df5a,4500,250.0,250 ml,MILLILITRE,250,16,12 months,,1,False,False,3.9,88,,,,
14/07/25 11:18:57,6b037605-e246-4cb2-b996-1a421527a542,6b037605-e246-4cb2-b996-1a421527a542,0ed3c6ae-9a69-4458-aac5-b6c3342c8954,9200,7,700,4,4,2025-07-12T23:46:11.756Z,False,9900,9200,True,SELLABLESKU,False,Cold Drinks & Juices,Non-Alcoholic & Energy Drink,MILLILITRE,2700,MILLILITRE,8500,c6bba2b2-6b2d-4bd4-ae3d-adb6f9383393,dc293798-dcd4-40fc-b123-6e9436b9890d,Coolberg Strawberry Non Alcoholic Beer,Coolberg,India,Coolberg Beverages Pvt Ltd,"Universal Business Park, 406, A-Wing, Off, Saki Vihar Rd, Chandivali, Mumbai, Maharashtra 400072.","Carbonated Water, Sugar, Apple Juice Concentrate (1.40%), Barley Malt, Acidulant (INS 330), Herbs, Permitted Class II Preservatives (INS 211), Acidity Regulator (INS 331), Contains Permitted Natural Food Colour (INS 150d) And Added flavours (Natural, Nature Identical And Artificial Flavouring Substances- Strawberry)",6c088207-64aa-4078-bf87-2c3c7efeda9a,9900,330.0,330 ml,MILLILITRE,330,12,12 months,Energy- 49.33 KcalProtein- 0.64 gCarbohydrates- 11.67 gSugar- 11.11 gFat- 0.01 g,4,False,False,4.7,836,TIER_2,700.0,,
14/07/25 11:18:57,295027cd-d4ed-57e7-987a-0c662831fb7b,295027cd-d4ed-57e7-987a-0c662831fb7b,0ed3c6ae-9a69-4458-aac5-b6c3342c8954,24500,23,7500,2,2,2025-06-15T10:03:34.156Z,False,32000,24500,True,SELLABLESKU,False,Cold Drinks & Juices,Instant Drink Mixes,GRAM,3200,GRAM,22900,4d088b94-ba43-4bf0-a881-a573862aa0a1,f6f74925-3b12-4bb7-a14c-57b8e0010da3,Rasna Lemon Instant Powder Mix,Rasna,India,Rasna Private Limited,,,14ef2002-e96a-4f46-ac64-31548d47a464,32000,750.0,,GRAM,750,6,24 months,,2,True,False,4.5,807,TIER_2,7500.0,,
14/07/25 11:18:57,23246ad6-cb0a-4278-9518-abd9c4d066bd,23246ad6-cb0a-4278-9518-abd9c4d066bd,0ed3c6ae-9a69-4458-aac5-b6c3342c8954,3400,15,600,4,4,2025-07-13T15:49:36.755Z,False,4000,3400,True,SELLABLESKU,False,Cold Drinks & Juices,Milk Drinks,MILLILITRE,1800,MILLILITRE,3000,c5638eba-30c0-4a40-8c63-c9947fd22c16,44c753c3-6c26-4223-a039-c94e6c99aa1c,Hershey's Chocolate Milkshake,Hershey's,USA,The Hershey's Company,"Hershey India Pvt Ltd, Plot, No 5, New Industrial Area No. 1, Mandideep Dist, Raisen - 462046, Madhya Pradesh.",,88e09c4d-9227-43b4-81bf-6299d92a654a,4000,180.0,180 ml,MILLILITRE,180,12,9 months,,4,False,False,4.6,2160,TIER_2,600.0,,
14/07/25 11:18:57,ebe2d7ce-7c66-4307-8974-e5d16c915787,ebe2d7ce-7c66-4307-8974-e5d16c915787,0ed3c6ae-9a69-4458-aac5-b6c3342c8954,2500,0,0,8,8,2025-07-13T09:33:20.601Z,False,2500,2500,True,SELLABLESKU,False,Cold Drinks & Juices,Soft Drinks,MILLILITRE,700,MILLILITRE,2400,dff3658b-c351-4e7f-8196-e98d0c66d99e,a6ee8bfd-8f4d-42dd-9b53-5c66cd9b71ce,7UP Nimbooz Soft Drink,7UP Nimbooz,India,Varun Beverages Limited,"Varun Beverages Limited, Plot No. 31, Institutional Area, Sector - 44, Gurgaon - 122002, Haryana, India.","Water, Sugar, Concentrated Lemon Juice (0.7%), Acidity Regulators (331(Iii), 296, 330), Flavour (Natural Flavouring Substances), Iodised Salt, Stabilizer (445(Iii)), Preservative (202). Equivalent To 5% Lemon Juice (Reconstituted)""",5958fc48-7c79-46e4-a5f0-b752158eacab,2500,350.0,350 ml,MILLILITRE,250,8,120 days,"Serve Size: 200 ml; 1.8 servings in this pack 
  Per 100 ml % RDA Per Serve
 Energy 42 kcal 4%
 Protein 0 g 
 Carbohydrate 10.6 g 
 Total Sugars  10.6 g 
 Added Sugars  10.5 g 42%
Total Fat 0 g 0%
 Saturated Fat  0 g 0%
Trans Fat  0 g 0%
Sodium  65 mg 7%
^Approximate Values""",8,False,False,4.7,7831,,,,
14/07/25 11:18:57,c93d8c2c-2036-4756-85c2-7a22e6ac1527,c93d8c2c-2036-4756-85c2-7a22e6ac1527,0ed3c6ae-9a69-4458-aac5-b6c3342c8954,27600,8,2400,2,2,2025-07-07T12:11:02.583Z,False,30000,27600,True,SELLABLESKU,False,Cold Drinks & Juices,Vegan Drinks,LITER,2760,LITER,26200,dcfd1067-a597-4ef0-81d6-9a3d1b9a2891,ac931d8e-612a-425b-9cb4-7efea478e971,So Good Regular Oat Milk,So Good,India,LHF,,,cedaec19-a71a-4fd7-8a34-8af2e85591f6,30000,1.0,1 L,LITER,1,12,12 months,,2,True,False,4.4,71,TIER_2,2400.0,,
14/07/25 11:18:57,a670315b-39d8-409b-b0ef-5fc3a5adfda1,a670315b-39d8-409b-b0ef-5fc3a5adfda1,0ed3c6ae-9a69-4458-aac5-b6c3342c8954,9200,7,700,3,3,2025-07-07T00:26:59.312Z,False,9900,9200,True,SELLABLESKU,False,Cold Drinks & Juices,Non-Alcoholic & Energy Drink,MILLILITRE,2700,MILLILITRE,8500,c6bba2b2-6b2d-4bd4-ae3d-adb6f9383393,38d6bdf6-5984-4a89-9806-3fcaca94bf30,Coolberg Peach Non Alcoholic Beer,Coolberg,India,Coolberg Beverages Pvt Ltd,"Universal Business Park, 406, A-Wing, Off, Saki Vihar Rd, Chandivali, Mumbai, Maharashtra 400072.",,015d8c7b-5906-48fe-b0ee-66a142d22f31,9900,330.0,330 ml,MILLILITRE,330,12,12 months,,3,True,False,4.7,352,TIER_2,700.0,,
14/07/25 11:18:57,21383217-2c62-4d32-9ddf-9b78f7e7714b,21383217-2c62-4d32-9ddf-9b78f7e7714b,0ed3c6ae-9a69-4458-aac5-b6c3342c8954,4000,0,0,24,24,2025-07-13T12:53:17.885Z,False,4000,4000,True,SELLABLESKU,False,Cold Drinks & Juices,Fruit Juices & Drinks,MILLILITRE,600,MILLILITRE,3200,c41e2ad3-2dcc-42b6-829b-7e3a8e78d754,68b3332c-42b0-4999-ae8e-df77ecadc12e,Frooti Mango Fruit Juice,Frooti,India,Parle Agro,,"Water, Mango Pulp, Sugar, Acidity Regulator (330), Antioxidant (300). Contains Permitted (Class Ii) Preservatives (211.202.224). Contains Added Permitted Synthetic Food Colour (110) And Nature Identical Flavouring Substances (Mango).",5d31041f-31fd-47b0-b1a4-cb03a40c30f4,4000,600.0,600 ml,MILLILITRE,600,24,6 months,,24,False,False,4.7,6680,,,,
14/07/25 11:18:57,acdf8b5b-4762-5b0b-aa16-011660778134,acdf8b5b-4762-5b0b-aa16-011660778134,0ed3c6ae-9a69-4458-aac5-b6c3342c8954,8500,14,1400,3,3,2025-07-12T17:28:33.090Z,False,9900,8500,True,SELLABLESKU,False,Cold Drinks & Juices,Non-Alcoholic & Energy Drink,MILLILITRE,2500,MILLILITRE,8000,c6bba2b2-6b2d-4bd4-ae3d-adb6f9383393,bc433c4c-6468-411a-bfd9-c2146d7993d2,Coolberg Mint Non Alcoholic Beer,Coolberg,India,,,,c73a5c08-03bb-4182-90a3-9b7f098fb130,9900,330.0,330 ml,MILLILITRE,600,6,12 months,,3,False,False,4.7,207,TIER_2,1400.0,,
14/07/25 11:18:57,53ea2bdb-37b7-446c-a6d0-807cd0513751,53ea2bdb-37b7-446c-a6d0-807cd0513751,0ed3c6ae-9a69-4458-aac5-b6c3342c8954,7500,0,0,12,12,2025-07-14T01:27:08.086Z,False,7500,7500,True,SELLABLESKU,False,Cold Drinks & Juices,Water,LITER,150,LITER,7500,b783925b-6b57-4750-99f6-01ea5145ec5e,0d579560-8fd3-4708-88b0-7ef5245ff0c9,Bisleri Packaged Drinking Water,Bisleri,India,BISLERI INTERNATIONAL PVT LTD,"BISLERI INTERNATIONAL PVT LTD, 29/33, UDAYAGIRI VILLAGE, DEVANAHALLI, BANGALORE-562110.",,02301ce1-e2ee-45f5-8761-39dfe0cc68f9,7500,5.0,5 L,LITER,5000,12,6 months,Typical value per 100 ml of product.Potassium (mg) - 0.1Magnesium (mg) - 0.2,12,False,False,4.7,3337,,,,
14/07/25 11:18:57,8c027ead-426f-479e-88b5-00adc84c6899,8c027ead-426f-479e-88b5-00adc84c6899,0ed3c6ae-9a69-4458-aac5-b6c3342c8954,9300,6,600,2,2,2025-07-11T16:02:58.945Z,False,9900,9300,True,SELLABLESKU,False,Cold Drinks & Juices,Non-Alcoholic & Energy Drink,MILLILITRE,2800,MILLILITRE,8600,c6bba2b2-6b2d-4bd4-ae3d-adb6f9383393,a979a8bc-3595-45b4-888c-98052c6bd3c7,3 Sisters Cranberry Non Alcoholic Beer,3 Sisters,India,,,,40b9a67f-05ac-4882-a9f7-74a18d95eb06,9900,330.0,,MILLILITRE,600,6,12 months,,2,False,False,4.4,449,TIER_2,600.0,,
14/07/25 11:18:57,759842ab-2e5e-4eaf-9cd0-414cf5b2f80c,759842ab-2e5e-4eaf-9cd0-414cf5b2f80c,0ed3c6ae-9a69-4458-aac5-b6c3342c8954,27700,14,4800,1,1,2025-07-12T23:21:03.189Z,False,32500,27700,True,SELLABLESKU,False,Cold Drinks & Juices,Vegan Drinks,LITER,2770,LITER,27600,dcfd1067-a597-4ef0-81d6-9a3d1b9a2891,c9938583-baa6-4d52-84cb-382e7f6f9d04,So Good Barista Oat Beverage,So Good,India,LHF,,,33833e18-df7a-46d4-bd41-32abd6a71f16,32500,1.0,1 L,LITER,1000,6,12 months,,1,True,False,4.5,616,TIER_2,4800.0,,
14/07/25 11:18:57,8395089d-9fb6-4444-bd51-216346d42120,8395089d-9fb6-4444-bd51-216346d42120,0ed3c6ae-9a69-4458-aac5-b6c3342c8954,66000,0,0,3,3,2025-07-13T14:03:28.728Z,False,66000,66000,True,SELLABLESKU,False,Cold Drinks & Juices,Soda & Mixers,MILLILITRE,20000,MILLILITRE,47500,0df54b3f-11f6-4ada-b38a-9be38ea25eba,b8cbee0e-6759-48a7-a6b3-f7d84ceb0096,Perrier Natural Sparkling Water,Perrier,France,,,,3ad14843-0d8d-406d-ba61-3f7ddb1af331,66000,330.0,4 x 330 ml,MILLILITRE,1320,6,36 months,,3,True,False,5.0,52,,,,
14/07/25 11:18:57,faf2809d-f71b-5254-8437-d820de96ba40,faf2809d-f71b-5254-8437-d820de96ba40,0ed3c6ae-9a69-4458-aac5-b6c3342c8954,9900,0,0,2,2,2025-07-09T08:16:31.811Z,False,9900,9900,True,SELLABLESKU,False,Cold Drinks & Juices,Instant Drink Mixes,MILLILITRE,3000,MILLILITRE,9400,4d088b94-ba43-4bf0-a881-a573862aa0a1,98cc8680-43a1-47d3-8d58-6f870cf51e88,Mapro Strawberry Fruit Crush,Mapro,India,,,,f5a6598e-7c4d-4b92-bf53-50c611cd05a0,9900,330.0,330 ml,MILLILITRE,330,6,12 months,,2,True,False,4.6,303,,,,
14/07/25 11:18:57,5d32eaf6-64e6-4fa8-8c86-c0a394b574c5,5d32eaf6-64e6-4fa8-8c86-c0a394b574c5,0ed3c6ae-9a69-4458-aac5-b6c3342c8954,3500,12,500,6,6,2025-07-12T11:41:01.902Z,False,4000,3500,True,SELLABLESKU,False,Cold Drinks & Juices,Milk Drinks,MILLILITRE,1900,MILLILITRE,3300,c5638eba-30c0-4a40-8c63-c9947fd22c16,c6e2b7d7-146e-4303-a393-f33aa183bca5,Hershey's Cookies and Cream Milkshake,Hershey's,USA,The Hershey's Company,"Hershey India Private Limited, Plot No. 5, New Industrial Area No. 1, Mandideep, Dist Raisen 462046, MP, India",,92461036-68ef-4af6-ae40-77836b4da717,4000,180.0,180 ml,MILLILITRE,180,12,9 months,,6,False,False,4.4,858,TIER_2,500.0,,
14/07/25 11:18:57,057d52e4-a0a5-48a3-90f4-a8336576a697,057d52e4-a0a5-48a3-90f4-a8336576a697,0ed3c6ae-9a69-4458-aac5-b6c3342c8954,3000,0,0,12,12,2025-07-13T22:37:31.030Z,False,3000,3000,True,SELLABLESKU,False,Cold Drinks & Juices,Water,LITER,150,LITER,3000,b783925b-6b57-4750-99f6-01ea5145ec5e,6399053f-7bde-4fd2-b1f1-76df91853fdd,Bisleri Packaged Drinking Water,Bisleri,India,BISLERI INTERNATIONAL PVT LTD,"BISLERI INTERNATIONAL PVT LTD, 29/33, UDAYAGIRI VILLAGE, DEVANAHALLI, BANGALORE-562110.",,d565b64e-9cc5-4b0d-9189-35129776abdb,3000,2.0,2 l,LITER,2,12,6 months,Typical value per 100 ml of product.Potassium (mg) - 0.1Magnesium (mg) - 0.2,12,False,False,4.8,7137,,,,
14/07/25 11:18:57,03a0dbcf-2ab6-4305-84a8-e576c37b8728,03a0dbcf-2ab6-4305-84a8-e576c37b8728,0ed3c6ae-9a69-4458-aac5-b6c3342c8954,27700,14,4800,4,4,2025-07-12T04:35:36.745Z,False,32500,27700,True,SELLABLESKU,False,Cold Drinks & Juices,Vegan Drinks,LITER,2770,LITER,19500,dcfd1067-a597-4ef0-81d6-9a3d1b9a2891,44cae3b5-1e38-4a08-9d13-f39fff737826,Epigamia Almond Milk,Epigamia,India,Drums Food International Pvt Ltd,"Drums Food International Pvt Ltd, The Centrium, Office No 2 ( Unit 302) , Phoenix Marketcity , LBS Marg, Kurla West, Mumbai 400070.",,6312bdca-1472-4df2-ae61-32e235e41ec6,32500,1.0,1 L,LITER,1,12,9 months,,4,True,False,4.7,511,TIER_2,4800.0,,
14/07/25 11:18:57,bf0ab63a-09ae-511f-8747-3eb22a3730fa,bf0ab63a-09ae-511f-8747-3eb22a3730fa,0ed3c6ae-9a69-4458-aac5-b6c3342c8954,19800,0,0,2,2,2025-07-10T18:32:44.110Z,False,19800,19800,True,SELLABLESKU,False,Cold Drinks & Juices,Instant Drink Mixes,MILLILITRE,2600,MILLILITRE,18800,4d088b94-ba43-4bf0-a881-a573862aa0a1,bdeeb136-c44c-4fbb-a48c-713834a5d87b,Mapro Strawberry Fruit Crush,Mapro,India,,,,0a7cadba-08b4-48e5-97f3-1a263b7b34de,19800,750.0,750 ml,MILLILITRE,750,6,12 months,,2,True,False,4.2,593,,,,
14/07/25 11:18:57,e2268e4b-824e-4d9e-bcb7-4e5a59537e70,e2268e4b-824e-4d9e-bcb7-4e5a59537e70,0ed3c6ae-9a69-4458-aac5-b6c3342c8954,3600,10,400,5,5,2025-07-13T12:29:54.632Z,False,4000,3600,True,SELLABLESKU,False,Cold Drinks & Juices,Milk Drinks,MILLILITRE,2000,MILLILITRE,3400,c5638eba-30c0-4a40-8c63-c9947fd22c16,4fd9f646-a508-4343-bb65-6def1bb1a945,Epigamia Chocolate Milkshake,Epigamia,India,Drums Food International Pvt Ltd,"Drums Food International Pvt Ltd, The Centrium, Office No 2 ( Unit 302) , Phoenix Marketcity , LBS Marg, Kurla West, Mumbai 400070.","Fortified Toned Milk (73.4%) [Milk, Milk Solids, Vitamin A&D], Water, Sugar, Milk Solids, Cocoa Powder (115%), Emulsifier & Stabilizer (INS 471, INS 407, INS 412), Acidity Regulator [INS 339 (ii)], Flavour (Nature Identical Flavouring substances), Iodized Salt.",88f70d00-4561-4232-8bc7-e0331d189055,4000,180.0,180 ml,MILLILITRE,180,16,9 months,"Per 100 ml :-Energy 103 Kcal,Protein 3 g,Carbohydrate 15.5 g,Total Sugars 15.5 g,Added Sugars 11 g,Total Fat 3.2 g,Saturated Fat 2 g,Trans Fat 0.1 g,Cholesterol 10.1 mg,Vitamin A 66.9 mcg,VitaminD 0.60 mcg,Calcium 100 mg,Sodium 50 mg.",5,False,False,4.6,1544,TIER_2,400.0,,
14/07/25 11:18:57,10ad5afb-19d5-459a-acac-76d546d95772,10ad5afb-19d5-459a-acac-76d546d95772,0ed3c6ae-9a69-4458-aac5-b6c3342c8954,4000,0,0,2,2,2025-07-13T16:11:45.864Z,False,4000,4000,True,SELLABLESKU,False,Cold Drinks & Juices,Soft Drinks,MILLILITRE,600,MILLILITRE,3800,dff3658b-c351-4e7f-8196-e98d0c66d99e,f5e2a467-d8d2-4b7a-82b8-6169d19f2fb8,Appy Fizz Apple Soft Drink | Pet,Appy,India,Parle Agro Pvt Ltd,"Parle Agro Pvt Ltd, Plot No; 32 to 46 & 54 to 63, Adakanahalli Industrial Area, Nanjangud taluk, Mysore District - 571302.","Water, Reconstituted Apple Juice, Sugar, CO2, Acidity Regulators, Antioxidant.",6a99c24e-d8f2-4f51-8aef-8282ffc69dca,4000,600.0,600 ml,MILLILITRE,600,12,120 days,Typical value per 100 ml of product.Energy (kcal) - 54Carbohydrates (g) - 13.6 -Natural Sugar (g) - 1.3 -Sugar (g) - 12.3Fat (g) - 0Protein (g) - 0,2,False,False,4.7,4085,,,,
14/07/25 11:18:57,6016911d-1a8d-41c0-8b4f-b900e2302bfb,6016911d-1a8d-41c0-8b4f-b900e2302bfb,0ed3c6ae-9a69-4458-aac5-b6c3342c8954,8700,37,5300,1,1,2025-07-07T20:25:45.332Z,False,14000,8700,True,SELLABLESKU,False,Cold Drinks & Juices,Fruit Juices & Drinks,LITER,870,LITER,8300,c41e2ad3-2dcc-42b6-829b-7e3a8e78d754,bc5b9f2e-757d-44ec-8f0d-a85862f9dd80,B Natural Apple Fruit Juice,B Natural,India,ITC Limited,"ITC Limited, 37, J.L. Nehru Road, Kolkata- 700071.","Water, Apple Juice, Concentrate 17.6%",30cb5331-30f9-42f7-8b1d-ce61e01c4369,14000,1.0,1 L,LITER,1000,6,9 months,per 100 ml of product.Energy (kcal) - 54 Protein (g) - 0 Carbohydrates (g) - 13.5 Natural Sugar - 1.5 Added Sugar (g) - 12 Fat (g) - 0 Vit C (mg) - 17,1,False,False,4.4,177,TIER_2,5300.0,,
14/07/25 11:18:57,1c531bf3-6987-5fee-9e16-626c22280284,1c531bf3-6987-5fee-9e16-626c22280284,0ed3c6ae-9a69-4458-aac5-b6c3342c8954,12000,20,3000,2,2,2025-07-11T13:54:33.826Z,False,15000,12000,True,SELLABLESKU,False,Cold Drinks & Juices,Milk Drinks,MILLILITRE,4000,MILLILITRE,11000,c5638eba-30c0-4a40-8c63-c9947fd22c16,ce773cc3-4d44-4f63-8eed-c5eb19679db8,Maiva Pro Coffee 20g Plant Protein 20 Multivitamin Shake,Maiva Fresh,India,Armaara Innoventures Pvt. Ltd.,,,04a5dce2-b983-425c-8383-3d71f92f3763,15000,300.0,,MILLILITRE,300,6,180 days,,2,False,False,4.6,288,TIER_2,3000.0,,
14/07/25 11:18:57,02f72153-1ec1-42c5-b1e2-5f7b885190a6,02f72153-1ec1-42c5-b1e2-5f7b885190a6,0ed3c6ae-9a69-4458-aac5-b6c3342c8954,3500,12,500,2,2,2025-07-11T15:58:05.768Z,False,4000,3500,True,SELLABLESKU,False,Cold Drinks & Juices,Milk Drinks,MILLILITRE,1900,MILLILITRE,3400,c5638eba-30c0-4a40-8c63-c9947fd22c16,f46e60af-448c-42c2-ba27-39429ea64394,Hershey's Vanilla Milkshake,Hershey's,USA,The Hershey's Company,"HERSHEY INDIA PVT. LTD., SCHINDLER HOUSE, HIRANANDANI GARDENS, POWAI, MUMBAI- 400076.","Water, Sugar, Milk Solids (8%), Emulsifier (460(i), 466, 471, 407), Mineral (Calcium Carbonate), Sequestrant (339(ii)), Mineral (Zinc Sulphate), Vitamin E (Acetate), Vitamin A (Acetate), Vitamin D2 (Ergocalciferol), Vitamin B1 (Thiamine Chloride Hydrochloride) and Vitamin B2 (Riboflavin) and Edible Common Salt.",15b5921f-f2b6-49b2-9d5e-ae1a8d22583a,4000,180.0,180 ml,MILLILITRE,180,8,9 months,"Energy 155.6 Kcal,Protein - 3.6g,Carbohydrates -28.54g,Sugar 21,24g,Fat 3g,Calcium - 324mg",2,False,False,4.5,558,TIER_2,500.0,,
14/07/25 11:18:57,6ad4732b-003c-4c46-a902-2db5656f21b4,6ad4732b-003c-4c46-a902-2db5656f21b4,0ed3c6ae-9a69-4458-aac5-b6c3342c8954,9400,5,500,12,12,2025-07-13T06:29:14.771Z,False,9900,9400,True,SELLABLESKU,False,Cold Drinks & Juices,Soft Drinks,LITER,470,LITER,7300,dff3658b-c351-4e7f-8196-e98d0c66d99e,e358d59a-f7dd-4d43-83a8-a48b8ebbafa0,Pepsi Soft Drink,Pepsi,India,Varun Beverages Limited,"Varun Beverages Limited, Plot No. 31, Institutional Area, Sector - 44, Gurgaon - 122002, Haryana, India.",,82675cec-f35e-4f33-86c9-39d6b0b94f39,9900,2.25,2.25 L,LITER,2250,24,120 days,,12,False,False,4.7,10488,TIER_2,500.0,,
14/07/25 11:18:57,05cadf20-eeb6-458d-a7e4-ebc7e35bcc88,05cadf20-eeb6-458d-a7e4-ebc7e35bcc88,0ed3c6ae-9a69-4458-aac5-b6c3342c8954,2000,0,0,24,24,2025-07-13T22:39:51.233Z,False,2000,2000,True,SELLABLESKU,False,Cold Drinks & Juices,Water,LITER,200,LITER,2000,b783925b-6b57-4750-99f6-01ea5145ec5e,6399053f-7bde-4fd2-b1f1-76df91853fdd,Bisleri Packaged Drinking Water,Bisleri,India,BISLERI INTERNATIONAL PVT LTD,"BISLERI INTERNATIONAL PVT LTD, 29/33, UDAYAGIRI VILLAGE, DEVANAHALLI, BANGALORE-562110.",,569a128f-b7e7-419f-9dfd-01909d78c0ea,2000,1.0,1 L,LITER,1000,24,6 months,Typical value per 100 ml of product.Potassium (mg) - 0.1Magnesium (mg) - 0.2,24,False,False,4.8,7137,,,,
14/07/25 11:18:57,7fb0d1cc-4cf5-43cb-92d6-05fbc96d8a6b,7fb0d1cc-4cf5-43cb-92d6-05fbc96d8a6b,0ed3c6ae-9a69-4458-aac5-b6c3342c8954,7700,9,800,12,12,2025-07-13T09:27:57.386Z,False,8500,7700,True,SELLABLESKU,False,Cold Drinks & Juices,Vegan Drinks,MILLILITRE,3800,MILLILITRE,7300,dcfd1067-a597-4ef0-81d6-9a3d1b9a2891,438421fd-75e4-4f17-8bfa-644cead28750,Dabur Hommade Organic Coconut Milk,Dabur Hommade,India,Dabur India Limited,"Dabur India Limited, Plot No-22, Site 4, Sahibabad, Sahibabad Industrial Area, Sahibabad Industrial Area, Ghaziabad, Uttar Pradesh.",,9687009f-7d47-4cd0-8b2e-6512e9730427,8500,200.0,200 ml,MILLILITRE,200,12,9 months,,12,False,False,4.7,625,TIER_2,800.0,,
14/07/25 11:18:57,8f728ced-5283-4d01-a349-663187cfa165,8f728ced-5283-4d01-a349-663187cfa165,0ed3c6ae-9a69-4458-aac5-b6c3342c8954,3500,12,500,2,2,2025-07-09T09:49:50.616Z,False,4000,3500,True,SELLABLESKU,False,Cold Drinks & Juices,Milk Drinks,MILLILITRE,1900,MILLILITRE,3300,c5638eba-30c0-4a40-8c63-c9947fd22c16,6a77a4b6-b891-48f1-9c3c-06d9fcff50a1,Hershey's Milkshake Cashew Butterscotch Ice Cream Flavor,Hershey's,India,?Makson Pharmaceutical (I) Pvt. Ltd.,,,9bf072a0-b990-467c-9c2b-90a2c74d40a7,4000,180.0,180 ml,MILLILITRE,180,6,9 months,,2,False,False,4.5,618,TIER_2,500.0,,
14/07/25 11:18:57,fa172295-b259-4fdc-9852-0938e7f2008c,fa172295-b259-4fdc-9852-0938e7f2008c,0ed3c6ae-9a69-4458-aac5-b6c3342c8954,3600,10,400,2,2,2025-07-07T23:57:42.652Z,False,4000,3600,True,SELLABLESKU,False,Cold Drinks & Juices,Milk Drinks,MILLILITRE,2000,MILLILITRE,3400,c5638eba-30c0-4a40-8c63-c9947fd22c16,88f320d1-761a-4b0e-be92-61e9733b41d5,Hershey's Coffee Mocha Flavoured Milkshake,Hershey's,India,?Makson Pharmaceutical (I) Pvt. Ltd.,,,b4d48bc1-1760-44de-afa9-402cad1ceb25,4000,180.0,180 ml ,MILLILITRE,180,6,9 months,,2,False,False,4.4,272,TIER_2,400.0,,
14/07/25 12:02:50,8bc60eae-d9f3-4748-b334-9f62eb47a1a5,8bc60eae-d9f3-4748-b334-9f62eb47a1a5,0ed3c6ae-9a69-4458-aac5-b6c3342c8954,13500,10,1500,4,4,2025-07-11T12:10:02.176Z,False,15000,13500,True,SELLABLESKU,False,Cold Drinks & Juices,Milk Drinks,MILLILITRE,5400,MILLILITRE,13100,c5638eba-30c0-4a40-8c63-c9947fd22c16,84c37cb7-bec0-4c8b-898f-bfb2ed2c3d4f,Epigamia Turbo Coffee Protein Milkshake,Epigamia,India,,,,403f785a-8d9a-48de-8dcc-0a2c987409c2,15000,250.0,,MILLILITRE,250,6,180 days,,4,False,False,4.2,138,TIER_2,1500.0,,
14/07/25 12:02:50,6963cc27-1734-4a3f-a3e0-bab59474ed14,6963cc27-1734-4a3f-a3e0-bab59474ed14,0ed3c6ae-9a69-4458-aac5-b6c3342c8954,27000,9,2900,2,2,2025-07-12T09:47:02.937Z,False,29900,27000,True,SELLABLESKU,False,Cold Drinks & Juices,Vegan Drinks,LITER,2700,LITER,24500,dcfd1067-a597-4ef0-81d6-9a3d1b9a2891,4ec970e8-e93d-4338-b73f-ec865dbf39cc,Alt Co. Almond Milk,Alt Co.,India,Alt Co,,,2f72762b-5215-495c-a9b9-9726b553e7b0,29900,1.0,1 L,LITER,1,6,12 months,,2,True,False,4.2,270,TIER_2,2900.0,,
14/07/25 12:02:50,5abd874d-8749-533b-befb-c545833fcdb4,5abd874d-8749-533b-befb-c545833fcdb4,0ed3c6ae-9a69-4458-aac5-b6c3342c8954,54200,8,5200,4,4,2025-07-12T23:26:40.354Z,False,59400,54200,True,SELLABLESKU,False,Cold Drinks & Juices,Non-Alcoholic & Energy Drink,LITER,5420,LITER,54200,c6bba2b2-6b2d-4bd4-ae3d-adb6f9383393,cb30052e-fafd-4c4c-a608-2daebcd15aef,Coolberg Non Alcoholic Beer | Party Pack,Coolberg,India,Coolberg Beverages Pvt. Ltd,,,e2eb868d-5870-4ea4-a1b4-fc8315ccd7fa,59400,1.98,6 x 330 ml,LITER,1980,6,12 months,,4,True,False,5.0,51,TIER_2,5200.0,,
14/07/25 12:02:50,f9aaa092-ead8-5908-a6c7-ba898dbe6bfc,f9aaa092-ead8-5908-a6c7-ba898dbe6bfc,554896ba-1bc3-493a-84c2-8a0ce07c2611,60000,0,0,1,1,2025-06-09T22:33:56.414Z,False,60000,60000,True,SELLABLESKU,False,Cold Drinks & Juices,Instant Drink Mixes,PIECE,60000,PIECE,55100,4d088b94-ba43-4bf0-a881-a573862aa0a1,55063063-a172-4d4f-bff6-407fbb8acc1c,Good Monk Orange Instant Drink Mix,Good Monk,India,,,,e325840f-78b7-4364-9ef3-4b3efc64958d,60000,1.0,396 g,PIECE,396,6,12 months,,1,True,False,4.5,655,,,,
14/07/25 12:02:50,9fece867-af1c-4068-a4a5-b07785f8d917,9fece867-af1c-4068-a4a5-b07785f8d917,0ed3c6ae-9a69-4458-aac5-b6c3342c8954,4000,0,0,1,1,2025-07-12T11:52:22.103Z,False,4000,4000,True,SELLABLESKU,False,Cold Drinks & Juices,Soft Drinks,MILLILITRE,1300,MILLILITRE,3800,dff3658b-c351-4e7f-8196-e98d0c66d99e,942d73e3-7db9-4ecc-9896-4fe98624488d,Pepsi Black Cola Diet Soft Drink,Pepsi Black,India,Pepsico India Holdings Pvt. Ltd,,,c6ddb7ce-ffe7-495d-bcbd-5e8697db0e78,4000,300.0,300 ml,MILLILITRE,300,6,9 months,,1,True,False,4.6,1767,,,,
14/07/25 12:02:50,6f8c4ff4-9b9f-5612-8027-2986d564b7fd,6f8c4ff4-9b9f-5612-8027-2986d564b7fd,0ed3c6ae-9a69-4458-aac5-b6c3342c8954,21700,9,2300,3,3,2025-07-11T14:04:50.377Z,False,24000,21700,True,SELLABLESKU,False,Cold Drinks & Juices,Soda & Mixers,PIECE,1808,PIECE,20400,0df54b3f-11f6-4ada-b38a-9be38ea25eba,34fe5b5f-25d2-45a1-a284-af57a0b47a91,Bombay Banta Imli Chaska Soda,Bombay Banta,India,Bombay Banta,,,7f7b7d9c-4f8e-484e-a86c-cfe1deb7bb20,24000,12.0,1 pack (12 pcs),PIECE,3500,6,180 days,,3,True,False,4.2,143,TIER_2,2300.0,,
14/07/25 12:02:50,d72ede7f-fd2b-49da-a6dd-5e3953f9a3b3,d72ede7f-fd2b-49da-a6dd-5e3953f9a3b3,0ed3c6ae-9a69-4458-aac5-b6c3342c8954,13500,10,1500,3,3,2025-07-12T07:45:55.329Z,False,15000,13500,True,SELLABLESKU,False,Cold Drinks & Juices,Milk Drinks,MILLILITRE,5400,MILLILITRE,13300,c5638eba-30c0-4a40-8c63-c9947fd22c16,5bff2f95-169e-4503-a1bc-5e344c4fd228,Epigamia Turbo Cookies and Cream Protein Milkshake,Epigamia,India,,,,b1ca615f-5384-4135-981d-343c46308dcd,15000,250.0,,MILLILITRE,250,6,180 days,,3,False,False,4.5,207,TIER_2,1500.0,,
14/07/25 12:02:50,92b0a880-1836-40a6-833c-737a87c2398c,92b0a880-1836-40a6-833c-737a87c2398c,0ed3c6ae-9a69-4458-aac5-b6c3342c8954,25200,4,1300,2,2,2025-07-03T09:21:52.351Z,False,26500,25200,True,SELLABLESKU,False,Cold Drinks & Juices,Instant Drink Mixes,GRAM,4000,GRAM,24600,4d088b94-ba43-4bf0-a881-a573862aa0a1,e7e9ebca-b521-4c0e-94f5-2fc53815f8a3,Hershey's Caramel Syrup,Hershey's,USA,The Hershey's Company,"Max Inc GI 13, GT Industrial Area, North (Delhi), 110033.","Cane Sugar, Water, Natural and Artificial Flavor, Sodium Benzoate and Potassium Sorbate (preservatives), Citric Acid,�Caramel�Color",47458cc6-6031-47ba-b205-6a9043451aad,26500,623.0,623 g,GRAM,623,12,13 months,,2,True,False,4.8,89,TIER_2,1300.0,,
14/07/25 12:02:50,2629e188-2674-5870-bda3-a5b12868e81d,2629e188-2674-5870-bda3-a5b12868e81d,554896ba-1bc3-493a-84c2-8a0ce07c2611,60000,0,0,1,1,2025-05-27T05:33:37.163Z,False,60000,60000,True,SELLABLESKU,False,Cold Drinks & Juices,Instant Drink Mixes,PIECE,60000,PIECE,55100,4d088b94-ba43-4bf0-a881-a573862aa0a1,ac6cce08-bdc3-4a8e-abd9-15116e443516,Good Monk Mixed Berries Instant Powder Mix,Good Monk,India,,,,8ca33985-102e-4aac-b032-4733509a0d10,60000,1.0,396 g,PIECE,396,6,12 months,,1,True,False,4.2,545,,,,
14/07/25 12:02:50,dbe6aecc-11cf-44e3-932f-ded55311236f,dbe6aecc-11cf-44e3-932f-ded55311236f,0ed3c6ae-9a69-4458-aac5-b6c3342c8954,14200,4,700,2,2,2025-07-07T07:42:28.728Z,False,14900,14200,True,SELLABLESKU,False,Cold Drinks & Juices,Instant Drink Mixes,GRAM,39400,GRAM,14200,4d088b94-ba43-4bf0-a881-a573862aa0a1,2b0b8ca5-efd3-4bb2-a5c9-1600dfe275ef,Fast&Up Nightout Instant Hangover Relief Drink,Fast&up,India,,,,0676c7f0-42a1-4057-b928-5b314d5cf05d,14900,36.0,1 pack (4 pcs),GRAM,20,6,24 months,,2,True,False,4.1,69,TIER_2,700.0,,
14/07/25 12:02:50,74418328-1ac2-480e-b9b2-462ac4ca9954,74418328-1ac2-480e-b9b2-462ac4ca9954,0ed3c6ae-9a69-4458-aac5-b6c3342c8954,13500,10,1500,5,5,2025-07-11T10:16:18.044Z,False,15000,13500,True,SELLABLESKU,False,Cold Drinks & Juices,Milk Drinks,MILLILITRE,5400,MILLILITRE,13100,c5638eba-30c0-4a40-8c63-c9947fd22c16,94967248-d3e6-4284-8356-e0f05cf35477,Epigamia Turbo Vanilla and Caramel Protein Milkshake,Epigamia,India,?Drums Food International Private Limited,,,e3d82530-d213-4a84-b68d-a81f8764afa2,15000,250.0,250 ml,MILLILITRE,250,6,180 days,,5,False,False,4.4,238,TIER_2,1500.0,,
14/07/25 12:02:50,9f8c76f8-fa44-51b5-a79e-810b65848128,9f8c76f8-fa44-51b5-a79e-810b65848128,0ed3c6ae-9a69-4458-aac5-b6c3342c8954,21700,9,2300,2,2,2025-07-11T13:57:38.596Z,False,24000,21700,True,SELLABLESKU,False,Cold Drinks & Juices,Soda & Mixers,PIECE,1808,PIECE,20400,0df54b3f-11f6-4ada-b38a-9be38ea25eba,94b47ee2-1aa9-454d-95e0-6e0d7efbb6c9,Bombay Banta Kala Khatta Black Currant Soda,Bombay Banta,India,Bombay Banta,,,e71986ee-9129-455c-a887-4e1b057d3480,24000,12.0,1 pack (12 pcs),PIECE,3500,6,180 days,,2,True,False,4.7,773,TIER_2,2300.0,,
14/07/25 12:02:50,d3a60768-84d6-4bff-8855-19171c4a4645,d3a60768-84d6-4bff-8855-19171c4a4645,0ed3c6ae-9a69-4458-aac5-b6c3342c8954,37600,5,2300,1,1,2025-07-12T13:06:08.710Z,False,39900,37600,True,SELLABLESKU,False,Cold Drinks & Juices,Fruit Juices & Drinks,LITER,3760,LITER,31900,c41e2ad3-2dcc-42b6-829b-7e3a8e78d754,dc3358f1-085d-4fa3-bce6-5f603d0dae0a,Raw Pressery Valencia Orange Fruit Juice,Raw Pressery,India,Rakyan Beverages Pvt. Ltd,"Rakyan Beverages Pvt. Ltd, B-12, JWC Logistic Park Pvt. Ltd., National Highway No.17 Palaspe, Panvel, Maharashtra.","ORANGE JUICE(91.8%), ORANGE PULP, CITRUS FIBER, ANTIOXIDANT / VITAMIN C ( INS 300)",64b0ed2d-8512-4b39-b2c1-5c6c50849db6,39900,1.0,1 L,LITER,1000,12,9 months,,1,True,False,4.6,176,TIER_2,2300.0,,
14/07/25 12:02:50,912d3118-54e0-4fa1-aca8-773503c953bd,912d3118-54e0-4fa1-aca8-773503c953bd,0ed3c6ae-9a69-4458-aac5-b6c3342c8954,28300,12,4200,2,2,2025-07-14T03:57:50.555Z,False,32500,28300,True,SELLABLESKU,False,Cold Drinks & Juices,Vegan Drinks,LITER,2830,LITER,26200,dcfd1067-a597-4ef0-81d6-9a3d1b9a2891,231e4f88-15d8-4eb1-9e34-764e4aad6077,Raw Pressery Almond Milk,Raw Pressery,India,Rakyan Beverages Pvt. Ltd,"Rakyan Beverages Pvt. Ltd, B-12, JWC Logistic Park Pvt. Ltd., National Highway No.17 Palaspe, Panvel, Maharashtra.",,1b1b90cc-ad0a-4f14-81a4-14f22b8b64ac,32500,1.0,1 L,LITER,1000,8,12 months,,2,True,False,4.5,113,TIER_2,4200.0,,
14/07/25 12:02:50,4b668e76-6797-5321-8a14-2a129750e84c,4b668e76-6797-5321-8a14-2a129750e84c,554896ba-1bc3-493a-84c2-8a0ce07c2611,60000,0,0,2,2,2025-07-11T14:00:03.585Z,False,60000,60000,True,SELLABLESKU,False,Cold Drinks & Juices,Instant Drink Mixes,PIECE,60000,PIECE,55100,4d088b94-ba43-4bf0-a881-a573862aa0a1,de9335ec-12d2-412f-acff-9b04b54ca532,Good Monk Pineapple Instant Drink Mix,Good Monk,India,Vital Neutraceuticals Pvt ltd,,,dfc4eae1-4466-47da-837c-ba475bdaae27,60000,1.0,396 g,PIECE,396,6,12 months,,2,True,False,4.2,541,,,,
14/07/25 12:02:50,00c220fd-4adb-527f-bb91-4f9327ca5df1,00c220fd-4adb-527f-bb91-4f9327ca5df1,0ed3c6ae-9a69-4458-aac5-b6c3342c8954,10000,0,0,6,6,2025-07-13T09:19:12.540Z,False,10000,10000,True,SELLABLESKU,False,Cold Drinks & Juices,Fruit Juices & Drinks,LITER,1000,LITER,9600,c41e2ad3-2dcc-42b6-829b-7e3a8e78d754,e880c134-66ab-4b9e-85a4-cfa880755af3,Frooti Mango Drink,Frooti,India,,,,e4578a06-0624-4988-9e64-680698c58557,10000,1.25,10 x 125 ml,LITER,1250,6,180 days,,6,False,False,4.8,1226,,,,
14/07/25 12:02:50,c6a712c0-7384-4fc1-a46b-3c1a8ca4cca6,c6a712c0-7384-4fc1-a46b-3c1a8ca4cca6,0ed3c6ae-9a69-4458-aac5-b6c3342c8954,16200,10,1800,2,2,2025-07-13T02:25:20.334Z,False,18000,16200,True,SELLABLESKU,False,Cold Drinks & Juices,Soft Drinks,LITER,810,LITER,15300,dff3658b-c351-4e7f-8196-e98d0c66d99e,9137d726-af4c-4749-978a-95299ff21525,Bombay Banta Assorted Flavoured Soft Drink,Bombay Banta,India,,,,4f645769-2a09-4a6a-8bef-5dc6fd4625cd,18000,2.0,8 x 250 ml,LITER,2000,6,180 days,,2,True,False,4.8,71,TIER_2,1800.0,,
14/07/25 12:02:50,82ef7e7f-101e-4072-8fd8-24bc51fd6012,82ef7e7f-101e-4072-8fd8-24bc51fd6012,0ed3c6ae-9a69-4458-aac5-b6c3342c8954,11000,4,500,1,1,2025-07-12T15:57:23.836Z,False,11500,11000,True,SELLABLESKU,False,Cold Drinks & Juices,Instant Drink Mixes,GRAM,5500,GRAM,10700,4d088b94-ba43-4bf0-a881-a573862aa0a1,70255ead-049e-4f7b-bd7a-7c7d9b5d6d05,Hershey's Strawberry Syrup,Hershey's,USA,The Hershey's Company,"Hershey India Pvt Ltd, Plot, No 5, New Industrial Area No. 1, Mandideep Dist, Raisen - 462046, Madhya Pradesh.",,decb8a7d-bc15-4aa5-b610-f667e86c97f8,11500,200.0,200 g,GRAM,200,12,13 months,,1,False,False,4.4,174,TIER_2,500.0,,
14/07/25 12:02:50,0b5b2d13-f411-452c-8df2-2a9adf7a8cbb,0b5b2d13-f411-452c-8df2-2a9adf7a8cbb,0ed3c6ae-9a69-4458-aac5-b6c3342c8954,27500,6,2000,2,2,2025-06-21T06:10:32.992Z,False,29500,27500,True,SELLABLESKU,False,Cold Drinks & Juices,Non-Alcoholic & Energy Drink,PIECE,1375,PIECE,27400,c6bba2b2-6b2d-4bd4-ae3d-adb6f9383393,9d102185-1fa3-4109-84a0-e2b4067c6fd8,Fast&Up Reload Energy Drink Low Sugar Electrolyte - Berry Flavour,Fast&up,India,Fast&Up,"Fast&Up, Wing-A, Lion Sole Marg, Highland Park, Andheri West, Mumbai, Maharashtra 400102.",,4b659ece-3219-4eb8-9bf9-917c73c64361,29500,20.0,1 pack (20 pcs),PIECE,20,12,24 months,,2,True,False,5.0,65,TIER_2,2000.0,,
14/07/25 12:02:50,da9c30f1-40ba-4101-a995-311507f1ebcf,da9c30f1-40ba-4101-a995-311507f1ebcf,0ed3c6ae-9a69-4458-aac5-b6c3342c8954,33100,44,26900,1,1,2025-06-30T19:07:35.688Z,False,60000,33100,True,SELLABLESKU,False,Cold Drinks & Juices,Water,PIECE,5516,PIECE,33100,b783925b-6b57-4750-99f6-01ea5145ec5e,a3ec15c5-a259-487c-9644-5b210a5a8771,Aava Sparkling Water,AAVA,India,,,,0d29a119-9f54-4071-a8b7-116cfac4dfc4,60000,6.0,6 x 500 ml,PIECE,3000,6,180 days,,1,True,False,3.9,52,TIER_2,26900.0,,
14/07/25 12:02:50,776c0eb1-d8bc-4e31-9458-fe55da297135,776c0eb1-d8bc-4e31-9458-fe55da297135,0ed3c6ae-9a69-4458-aac5-b6c3342c8954,1900,5,100,6,6,2025-07-13T09:13:40.988Z,False,2000,1900,True,SELLABLESKU,False,Cold Drinks & Juices,Soft Drinks,MILLILITRE,700,MILLILITRE,1900,dff3658b-c351-4e7f-8196-e98d0c66d99e,b54a91f2-3ccb-43cf-941e-28001b9b280b,Bombay Banta Imli Jeera Soft Drink,Bombay Banta,India,,,,be528717-fa5a-4c31-a02e-a282e1e8952e,2000,250.0,,MILLILITRE,250,6,6 months,,6,False,False,4.4,768,TIER_2,100.0,,
14/07/25 12:02:50,b382babb-cac1-468b-8233-dd3e9c6686fc,b382babb-cac1-468b-8233-dd3e9c6686fc,0ed3c6ae-9a69-4458-aac5-b6c3342c8954,5300,33,2700,1,1,2025-07-11T14:22:48.765Z,False,8000,5300,True,SELLABLESKU,False,Cold Drinks & Juices,Milk Drinks,MILLILITRE,2900,MILLILITRE,5300,c5638eba-30c0-4a40-8c63-c9947fd22c16,e7e3bea7-3acb-4980-abb5-50f0406a7780,Epigamia Greek Yogurt Blueberry Smoothie,Epigamia,India,Drums Food International Pvt Ltd,"Drums Food International Pvt Ltd, The Centrium, Office No 2 ( Unit 302) , Phoenix Marketcity , LBS Marg, Kurla West, Mumbai 400070.","Greek Yogurt (Pasteurized Double Toned Milk, Milk Solids, Stabilizing Agent (Pectin Ins 440), Permitted Starter Cultures), Processed Blueberry Pulp (Sugar, Blueberry Puree, Water, Stabilizing Agent (Pectin Ins 440), Lemon Juice Concentrate) Total Fruit Content: 3%",52cd9ab1-a85b-41fe-b213-341e3dfd82d6,8000,180.0,180 ml,MILLILITRE,200,12,30 days,,1,False,False,4.7,205,TIER_2,2700.0,,
14/07/25 12:02:50,67d71fc1-de0e-4986-b477-d47a7bffed7f,67d71fc1-de0e-4986-b477-d47a7bffed7f,0ed3c6ae-9a69-4458-aac5-b6c3342c8954,27900,5,1600,3,3,2025-07-12T06:31:42.147Z,False,29500,27900,True,SELLABLESKU,False,Cold Drinks & Juices,Vegan Drinks,LITER,2790,LITER,27800,dcfd1067-a597-4ef0-81d6-9a3d1b9a2891,48dd7ede-e731-4b0a-ae7e-ea6393f13751,Only Earth Organic Coconut Drink,Only Earth,India,Naturise Consumer Products Pvt Ltd,"Naturise Consumer Products Pvt Ltd, 109, Vellala stree, Purasawalkam, Chennai 600084.",,7e1d7282-d490-4373-a4c7-1c7e44976830,29500,1.0,1 L,LITER,1000,12,12 months,,3,True,False,4.6,66,TIER_2,1600.0,,
14/07/25 12:02:50,31db9e03-a710-4fe7-a5c6-1a2df0714a24,31db9e03-a710-4fe7-a5c6-1a2df0714a24,0ed3c6ae-9a69-4458-aac5-b6c3342c8954,28300,8,2700,2,2,2025-07-11T14:00:59.382Z,False,31000,28300,True,SELLABLESKU,False,Cold Drinks & Juices,Non-Alcoholic & Energy Drink,PIECE,28300,PIECE,28200,c6bba2b2-6b2d-4bd4-ae3d-adb6f9383393,cef29fdf-0563-4666-b017-4cdc8b91d851,Fast&Up Reload Zero Sugar Energy Drink for Hydration - Ice Current Flavour,Fast&up,India,AERONUTRIX SPORTS PRODUCTS PVT LTD,,,a882b6ec-f992-435e-946e-aaad037ca556,31000,1.0,1 pack (22 pcs),PIECE,150,6,24 months,,2,True,False,4.6,981,TIER_2,2700.0,,
14/07/25 12:02:50,8126b483-30e5-5e25-91d6-48f86c9a692a,8126b483-30e5-5e25-91d6-48f86c9a692a,0ed3c6ae-9a69-4458-aac5-b6c3342c8954,60000,0,0,1,1,2025-07-11T13:54:37.210Z,False,60000,60000,True,SELLABLESKU,False,Cold Drinks & Juices,Water,PIECE,60000,PIECE,60000,b783925b-6b57-4750-99f6-01ea5145ec5e,81efb389-67b7-441c-9610-94cea61bb405,Evocus Natural Black Alkaline Water,Evocus,India,Evocus,,,df6aa881-f64c-4e06-a2c9-63e792d2c679,60000,1.0,1 pack (6 pcs),PIECE,3000,6,12 months,,1,True,False,4.2,68,,,,
14/07/25 12:02:50,9f018423-4088-466b-ab3d-b7a1d6f1f342,9f018423-4088-466b-ab3d-b7a1d6f1f342,0ed3c6ae-9a69-4458-aac5-b6c3342c8954,13500,0,0,2,2,2025-07-11T16:14:51.989Z,False,13500,13500,True,SELLABLESKU,False,Cold Drinks & Juices,Instant Drink Mixes,GRAM,12200,GRAM,13000,4d088b94-ba43-4bf0-a881-a573862aa0a1,a0b8811a-46da-4f3d-a436-469ff77115f0,hershey's Chocolate Instant Powder Mix,hershey's,India,Hershey's India,,,9e382434-e4ab-4571-8a8f-30f95b9ac3ee,13500,110.0,,GRAM,110,6,12 months,,2,False,False,4.7,266,,,,
14/07/25 12:02:50,eb7cd8e8-4983-4bda-8708-4912c8606caa,eb7cd8e8-4983-4bda-8708-4912c8606caa,0ed3c6ae-9a69-4458-aac5-b6c3342c8954,27500,6,2000,3,3,2025-07-07T22:29:56.289Z,False,29500,27500,True,SELLABLESKU,False,Cold Drinks & Juices,Non-Alcoholic & Energy Drink,PIECE,1375,PIECE,26000,c6bba2b2-6b2d-4bd4-ae3d-adb6f9383393,58329075-f4bb-4131-833f-6fd4653c8a12,Fast&Up Reload Energy Drink Low Sugar Electrolyte - Lime Lemon Flavour,Fast&up,India,Fast&Up,"Fast&Up, Wing-A, Lion Sole Marg, Highland Park, Andheri West, Mumbai, Maharashtra 400102.",,ea62fbf8-dc72-4655-97a8-1f891789341d,29500,20.0,1 pack (20 pcs),PIECE,20,12,24 months,,3,True,False,4.9,87,TIER_2,2000.0,,
14/07/25 12:02:50,9426d764-f832-4944-9ab8-48f0cd58e538,9426d764-f832-4944-9ab8-48f0cd58e538,0ed3c6ae-9a69-4458-aac5-b6c3342c8954,1900,5,100,6,6,2025-07-14T05:54:02.041Z,False,2000,1900,True,SELLABLESKU,False,Cold Drinks & Juices,Soft Drinks,MILLILITRE,700,MILLILITRE,1900,dff3658b-c351-4e7f-8196-e98d0c66d99e,adea52e2-48a2-4ebb-a358-868aaa04666d,Bombay Banta Lemon Soda Soft Drink,Bombay Banta,India,,,,3a989903-630f-49ac-b170-7b2c7bc1a2ab,2000,250.0,,MILLILITRE,250,6,6 months,,6,False,False,4.6,876,TIER_2,100.0,,
14/07/25 12:02:50,84e7d14d-3516-4965-ba43-3bccefb57aea,84e7d14d-3516-4965-ba43-3bccefb57aea,0ed3c6ae-9a69-4458-aac5-b6c3342c8954,7000,12,1000,1,1,2025-07-11T14:04:32.721Z,False,8000,7000,True,SELLABLESKU,False,Cold Drinks & Juices,Soda & Mixers,MILLILITRE,2800,MILLILITRE,7000,0df54b3f-11f6-4ada-b38a-9be38ea25eba,6196eb9e-3764-4e04-90e8-1be1b9d3c38c,3 Sisters Jeera Masala Soda,3 Sisters,India,Adhar Beverages Private Limited,,,e9977cfb-3bc9-4b2c-b10f-d1c4dd490f8c,8000,250.0,,MILLILITRE,270,6,18 months,,1,False,False,4.4,823,TIER_2,1000.0,,
14/07/25 12:02:50,62394c03-65d3-42a6-a565-f071079f120c,62394c03-65d3-42a6-a565-f071079f120c,0ed3c6ae-9a69-4458-aac5-b6c3342c8954,27600,8,2400,2,2,2025-07-13T10:26:35.325Z,False,30000,27600,True,SELLABLESKU,False,Cold Drinks & Juices,Vegan Drinks,LITER,2760,LITER,25800,dcfd1067-a597-4ef0-81d6-9a3d1b9a2891,a4d67bda-f8f2-4aa3-af00-3f18582c98ce,So Good Plant Based Almond Milk,So Good,India,Life Health Foods India Pvt Ltd,"Life Health Foods India Pvt Ltd No.510, Atlanta Estate, Dr.Ambedkar Chowk, Off. W.E. Highway,Goregaon(E), Mumbai.",Almond Milk,046dd783-2e2f-456c-b320-d5e0c8bf93dc,30000,1.0,1 L,LITER,1000,6,12 months,,2,True,False,4.7,101,TIER_2,2400.0,,
14/07/25 12:02:50,97009cfc-d553-5fd7-acad-7cd478aad164,97009cfc-d553-5fd7-acad-7cd478aad164,0ed3c6ae-9a69-4458-aac5-b6c3342c8954,1500,0,0,6,6,2025-07-14T05:29:55.065Z,False,1500,1500,True,SELLABLESKU,False,Cold Drinks & Juices,Milk Drinks,MILLILITRE,800,MILLILITRE,1300,c5638eba-30c0-4a40-8c63-c9947fd22c16,f7700c38-1875-45ab-8093-cf881029b677,Smoodh Chaas Masala Flavoured Buttermilk Pet,Smoodh,India,,,,3e857b3a-5a46-417f-b8bb-771339952771,1500,180.0,,MILLILITRE,180,6,180 days,,6,False,False,4.2,755,,,,
14/07/25 12:02:50,c6ea23f2-d175-4f33-9ecf-9c7e163981b5,c6ea23f2-d175-4f33-9ecf-9c7e163981b5,0ed3c6ae-9a69-4458-aac5-b6c3342c8954,1900,5,100,6,6,2025-07-13T19:11:15.972Z,False,2000,1900,True,SELLABLESKU,False,Cold Drinks & Juices,Soft Drinks,MILLILITRE,700,MILLILITRE,1900,dff3658b-c351-4e7f-8196-e98d0c66d99e,f9538f84-908d-4416-a688-506915f46275,Bombay Banta Kala Khatta Soft Drink,Bombay Banta,India,,,,d70671c3-dfcc-4cf5-a1e0-157f822cd4a5,2000,250.0,,MILLILITRE,250,6,6 months,,6,False,False,4.4,1480,TIER_2,100.0,,
14/07/25 12:15:49,72364048-e997-41e5-8ee0-d282c1ccc80d,72364048-e997-41e5-8ee0-d282c1ccc80d,0ed3c6ae-9a69-4458-aac5-b6c3342c8954,7000,12,1000,2,2,2025-07-11T13:58:01.309Z,False,8000,7000,True,SELLABLESKU,False,Cold Drinks & Juices,Soda & Mixers,MILLILITRE,2800,MILLILITRE,6400,0df54b3f-11f6-4ada-b38a-9be38ea25eba,5620d543-1717-4ba0-913a-e16724976e02,3 Sisters Imli Chaska Soda,3 Sisters,India,Adhar Beverages Private Limited,,,41e3069d-f14f-4da7-ba6b-123201c6f29a,8000,250.0,,MILLILITRE,270,6,18 months,,2,False,False,4.4,354,TIER_2,1000.0,,
14/07/25 12:15:49,93bfa381-8f8e-55a7-8972-1c88e262ec68,93bfa381-8f8e-55a7-8972-1c88e262ec68,0ed3c6ae-9a69-4458-aac5-b6c3342c8954,24500,23,7500,2,2,2025-07-12T01:31:37.006Z,False,32000,24500,True,SELLABLESKU,False,Cold Drinks & Juices,Instant Drink Mixes,GRAM,3200,GRAM,22900,4d088b94-ba43-4bf0-a881-a573862aa0a1,81b70af5-f11f-4444-bf08-9e535b877e08,Rasna Mango Instant Powder Mix,Rasna,India,Rasna Private Limited,,,3b09e1da-6ac6-48dd-b644-16de94da1c6a,32000,750.0,750 g,GRAM,750,6,24 months,,2,True,False,5.0,58,TIER_2,7500.0,,
14/07/25 12:15:49,ae379082-53cd-4e6c-88bd-022a45c8f930,ae379082-53cd-4e6c-88bd-022a45c8f930,0ed3c6ae-9a69-4458-aac5-b6c3342c8954,27400,7,2100,2,2,2025-07-10T23:30:09.621Z,False,29500,27400,True,SELLABLESKU,False,Cold Drinks & Juices,Non-Alcoholic & Energy Drink,PIECE,1370,PIECE,27400,c6bba2b2-6b2d-4bd4-ae3d-adb6f9383393,e18255d2-bc1e-46a6-a455-2d449f24cb10,Fast&Up Reload Energy Drink Low Sugar Electrolyte - Mojito Flavour,Fast&up,India,Fast&Up,,,24664565-a53a-4c06-b3ec-b41fb8b64639,29500,20.0,1 pack (20 pcs),PIECE,20,6,24 months,,2,True,False,4.2,843,TIER_2,2100.0,,
14/07/25 12:15:49,c77ad7bf-a35e-401c-932f-a1e445dd1650,c77ad7bf-a35e-401c-932f-a1e445dd1650,0ed3c6ae-9a69-4458-aac5-b6c3342c8954,7500,0,0,5,5,2025-07-13T06:50:33.690Z,False,7500,7500,True,SELLABLESKU,False,Cold Drinks & Juices,Fruit Juices & Drinks,MILLILITRE,600,MILLILITRE,6100,c41e2ad3-2dcc-42b6-829b-7e3a8e78d754,68b3332c-42b0-4999-ae8e-df77ecadc12e,Frooti Mango Fruit Juice,Frooti,India,Parle Agro,,"Water, Mango Pulp, Sugar, Acidity Regulator (330), Antioxidant (300). Contains Permitted (Class Ii) Preservatives (211.202.224). Contains Added Permitted Synthetic Food Colour (110) And Nature Identical Flavouring Substances (Mango).",73a33d8f-45f6-4a11-82ca-f5880412bf91,7500,1200.0,1.2 L,MILLILITRE,1200,24,179 days,per 100 ml of productEnergy (kcal) - 65Carbohydrates (g) - 16.2�Natural Sugar (g) - 2.5Added sugar (g) - 13.3Fat (g) - 0Protein (g) - 0Calcium (mg) - 8Vit A (mcg) - 120,5,False,False,4.7,6680,,,,
14/07/25 12:15:49,9fda4159-34dc-5a98-bb7f-47181baeae55,9fda4159-34dc-5a98-bb7f-47181baeae55,0ed3c6ae-9a69-4458-aac5-b6c3342c8954,4500,0,0,1,1,2025-07-12T16:20:15.607Z,False,4500,4500,True,SELLABLESKU,False,Cold Drinks & Juices,Soda & Mixers,MILLILITRE,1800,MILLILITRE,4200,0df54b3f-11f6-4ada-b38a-9be38ea25eba,82f1b820-933f-4be1-9924-851b073f0722,Bombay 99 Club Soda,Bombay 99,India,Parle Agro Pvt Ltd,"Parle Agro Pvt Ltd, Plot No. 32-42, Adakanhalli Industrial Area, Nanjangud Taluk, Mysore -571302' Country of origin",Purified Water & Carbon dioxide.,4ea99e0c-280d-4933-bafb-c7cabbc5df5a,4500,250.0,250 ml,MILLILITRE,250,16,12 months,,1,False,False,3.9,88,,,,
14/07/25 12:15:49,6b037605-e246-4cb2-b996-1a421527a542,6b037605-e246-4cb2-b996-1a421527a542,0ed3c6ae-9a69-4458-aac5-b6c3342c8954,9200,7,700,4,4,2025-07-12T23:46:11.756Z,False,9900,9200,True,SELLABLESKU,False,Cold Drinks & Juices,Non-Alcoholic & Energy Drink,MILLILITRE,2700,MILLILITRE,8500,c6bba2b2-6b2d-4bd4-ae3d-adb6f9383393,dc293798-dcd4-40fc-b123-6e9436b9890d,Coolberg Strawberry Non Alcoholic Beer,Coolberg,India,Coolberg Beverages Pvt Ltd,"Universal Business Park, 406, A-Wing, Off, Saki Vihar Rd, Chandivali, Mumbai, Maharashtra 400072.","Carbonated Water, Sugar, Apple Juice Concentrate (1.40%), Barley Malt, Acidulant (INS 330), Herbs, Permitted Class II Preservatives (INS 211), Acidity Regulator (INS 331), Contains Permitted Natural Food Colour (INS 150d) And Added flavours (Natural, Nature Identical And Artificial Flavouring Substances- Strawberry)",6c088207-64aa-4078-bf87-2c3c7efeda9a,9900,330.0,330 ml,MILLILITRE,330,12,12 months,Energy- 49.33 KcalProtein- 0.64 gCarbohydrates- 11.67 gSugar- 11.11 gFat- 0.01 g,4,False,False,4.7,836,TIER_2,700.0,,
14/07/25 12:15:49,295027cd-d4ed-57e7-987a-0c662831fb7b,295027cd-d4ed-57e7-987a-0c662831fb7b,0ed3c6ae-9a69-4458-aac5-b6c3342c8954,24500,23,7500,2,2,2025-06-15T10:03:34.156Z,False,32000,24500,True,SELLABLESKU,False,Cold Drinks & Juices,Instant Drink Mixes,GRAM,3200,GRAM,22900,4d088b94-ba43-4bf0-a881-a573862aa0a1,f6f74925-3b12-4bb7-a14c-57b8e0010da3,Rasna Lemon Instant Powder Mix,Rasna,India,Rasna Private Limited,,,14ef2002-e96a-4f46-ac64-31548d47a464,32000,750.0,,GRAM,750,6,24 months,,2,True,False,4.5,807,TIER_2,7500.0,,
14/07/25 12:15:49,23246ad6-cb0a-4278-9518-abd9c4d066bd,23246ad6-cb0a-4278-9518-abd9c4d066bd,0ed3c6ae-9a69-4458-aac5-b6c3342c8954,3400,15,600,4,4,2025-07-13T15:49:36.755Z,False,4000,3400,True,SELLABLESKU,False,Cold Drinks & Juices,Milk Drinks,MILLILITRE,1800,MILLILITRE,3000,c5638eba-30c0-4a40-8c63-c9947fd22c16,44c753c3-6c26-4223-a039-c94e6c99aa1c,Hershey's Chocolate Milkshake,Hershey's,USA,The Hershey's Company,"Hershey India Pvt Ltd, Plot, No 5, New Industrial Area No. 1, Mandideep Dist, Raisen - 462046, Madhya Pradesh.",,88e09c4d-9227-43b4-81bf-6299d92a654a,4000,180.0,180 ml,MILLILITRE,180,12,9 months,,4,False,False,4.6,2160,TIER_2,600.0,,
14/07/25 12:15:49,ebe2d7ce-7c66-4307-8974-e5d16c915787,ebe2d7ce-7c66-4307-8974-e5d16c915787,0ed3c6ae-9a69-4458-aac5-b6c3342c8954,2500,0,0,8,8,2025-07-13T09:33:20.601Z,False,2500,2500,True,SELLABLESKU,False,Cold Drinks & Juices,Soft Drinks,MILLILITRE,700,MILLILITRE,2400,dff3658b-c351-4e7f-8196-e98d0c66d99e,a6ee8bfd-8f4d-42dd-9b53-5c66cd9b71ce,7UP Nimbooz Soft Drink,7UP Nimbooz,India,Varun Beverages Limited,"Varun Beverages Limited, Plot No. 31, Institutional Area, Sector - 44, Gurgaon - 122002, Haryana, India.","Water, Sugar, Concentrated Lemon Juice (0.7%), Acidity Regulators (331(Iii), 296, 330), Flavour (Natural Flavouring Substances), Iodised Salt, Stabilizer (445(Iii)), Preservative (202). Equivalent To 5% Lemon Juice (Reconstituted)""",5958fc48-7c79-46e4-a5f0-b752158eacab,2500,350.0,350 ml,MILLILITRE,250,8,120 days,"Serve Size: 200 ml; 1.8 servings in this pack 
  Per 100 ml % RDA Per Serve
 Energy 42 kcal 4%
 Protein 0 g 
 Carbohydrate 10.6 g 
 Total Sugars  10.6 g 
 Added Sugars  10.5 g 42%
Total Fat 0 g 0%
 Saturated Fat  0 g 0%
Trans Fat  0 g 0%
Sodium  65 mg 7%
^Approximate Values""",8,False,False,4.7,7831,,,,
14/07/25 12:15:49,c93d8c2c-2036-4756-85c2-7a22e6ac1527,c93d8c2c-2036-4756-85c2-7a22e6ac1527,0ed3c6ae-9a69-4458-aac5-b6c3342c8954,27600,8,2400,2,2,2025-07-07T12:11:02.583Z,False,30000,27600,True,SELLABLESKU,False,Cold Drinks & Juices,Vegan Drinks,LITER,2760,LITER,26200,dcfd1067-a597-4ef0-81d6-9a3d1b9a2891,ac931d8e-612a-425b-9cb4-7efea478e971,So Good Regular Oat Milk,So Good,India,LHF,,,cedaec19-a71a-4fd7-8a34-8af2e85591f6,30000,1.0,1 L,LITER,1,12,12 months,,2,True,False,4.4,71,TIER_2,2400.0,,
14/07/25 12:15:49,a670315b-39d8-409b-b0ef-5fc3a5adfda1,a670315b-39d8-409b-b0ef-5fc3a5adfda1,0ed3c6ae-9a69-4458-aac5-b6c3342c8954,9200,7,700,3,3,2025-07-07T00:26:59.312Z,False,9900,9200,True,SELLABLESKU,False,Cold Drinks & Juices,Non-Alcoholic & Energy Drink,MILLILITRE,2700,MILLILITRE,8500,c6bba2b2-6b2d-4bd4-ae3d-adb6f9383393,38d6bdf6-5984-4a89-9806-3fcaca94bf30,Coolberg Peach Non Alcoholic Beer,Coolberg,India,Coolberg Beverages Pvt Ltd,"Universal Business Park, 406, A-Wing, Off, Saki Vihar Rd, Chandivali, Mumbai, Maharashtra 400072.",,015d8c7b-5906-48fe-b0ee-66a142d22f31,9900,330.0,330 ml,MILLILITRE,330,12,12 months,,3,True,False,4.7,352,TIER_2,700.0,,
14/07/25 12:15:49,21383217-2c62-4d32-9ddf-9b78f7e7714b,21383217-2c62-4d32-9ddf-9b78f7e7714b,0ed3c6ae-9a69-4458-aac5-b6c3342c8954,4000,0,0,24,24,2025-07-13T12:53:17.885Z,False,4000,4000,True,SELLABLESKU,False,Cold Drinks & Juices,Fruit Juices & Drinks,MILLILITRE,600,MILLILITRE,3200,c41e2ad3-2dcc-42b6-829b-7e3a8e78d754,68b3332c-42b0-4999-ae8e-df77ecadc12e,Frooti Mango Fruit Juice,Frooti,India,Parle Agro,,"Water, Mango Pulp, Sugar, Acidity Regulator (330), Antioxidant (300). Contains Permitted (Class Ii) Preservatives (211.202.224). Contains Added Permitted Synthetic Food Colour (110) And Nature Identical Flavouring Substances (Mango).",5d31041f-31fd-47b0-b1a4-cb03a40c30f4,4000,600.0,600 ml,MILLILITRE,600,24,6 months,,24,False,False,4.7,6680,,,,
14/07/25 12:15:49,acdf8b5b-4762-5b0b-aa16-011660778134,acdf8b5b-4762-5b0b-aa16-011660778134,0ed3c6ae-9a69-4458-aac5-b6c3342c8954,8500,14,1400,3,3,2025-07-12T17:28:33.090Z,False,9900,8500,True,SELLABLESKU,False,Cold Drinks & Juices,Non-Alcoholic & Energy Drink,MILLILITRE,2500,MILLILITRE,8000,c6bba2b2-6b2d-4bd4-ae3d-adb6f9383393,bc433c4c-6468-411a-bfd9-c2146d7993d2,Coolberg Mint Non Alcoholic Beer,Coolberg,India,,,,c73a5c08-03bb-4182-90a3-9b7f098fb130,9900,330.0,330 ml,MILLILITRE,600,6,12 months,,3,False,False,4.7,207,TIER_2,1400.0,,
14/07/25 12:15:49,53ea2bdb-37b7-446c-a6d0-807cd0513751,53ea2bdb-37b7-446c-a6d0-807cd0513751,0ed3c6ae-9a69-4458-aac5-b6c3342c8954,7500,0,0,12,12,2025-07-14T01:27:08.086Z,False,7500,7500,True,SELLABLESKU,False,Cold Drinks & Juices,Water,LITER,150,LITER,7500,b783925b-6b57-4750-99f6-01ea5145ec5e,0d579560-8fd3-4708-88b0-7ef5245ff0c9,Bisleri Packaged Drinking Water,Bisleri,India,BISLERI INTERNATIONAL PVT LTD,"BISLERI INTERNATIONAL PVT LTD, 29/33, UDAYAGIRI VILLAGE, DEVANAHALLI, BANGALORE-562110.",,02301ce1-e2ee-45f5-8761-39dfe0cc68f9,7500,5.0,5 L,LITER,5000,12,6 months,Typical value per 100 ml of product.Potassium (mg) - 0.1Magnesium (mg) - 0.2,12,False,False,4.7,3337,,,,
14/07/25 12:15:49,8c027ead-426f-479e-88b5-00adc84c6899,8c027ead-426f-479e-88b5-00adc84c6899,0ed3c6ae-9a69-4458-aac5-b6c3342c8954,9300,6,600,2,2,2025-07-11T16:02:58.945Z,False,9900,9300,True,SELLABLESKU,False,Cold Drinks & Juices,Non-Alcoholic & Energy Drink,MILLILITRE,2800,MILLILITRE,8600,c6bba2b2-6b2d-4bd4-ae3d-adb6f9383393,a979a8bc-3595-45b4-888c-98052c6bd3c7,3 Sisters Cranberry Non Alcoholic Beer,3 Sisters,India,,,,40b9a67f-05ac-4882-a9f7-74a18d95eb06,9900,330.0,,MILLILITRE,600,6,12 months,,2,False,False,4.4,449,TIER_2,600.0,,
14/07/25 12:15:49,759842ab-2e5e-4eaf-9cd0-414cf5b2f80c,759842ab-2e5e-4eaf-9cd0-414cf5b2f80c,0ed3c6ae-9a69-4458-aac5-b6c3342c8954,27700,14,4800,1,1,2025-07-12T23:21:03.189Z,False,32500,27700,True,SELLABLESKU,False,Cold Drinks & Juices,Vegan Drinks,LITER,2770,LITER,27600,dcfd1067-a597-4ef0-81d6-9a3d1b9a2891,c9938583-baa6-4d52-84cb-382e7f6f9d04,So Good Barista Oat Beverage,So Good,India,LHF,,,33833e18-df7a-46d4-bd41-32abd6a71f16,32500,1.0,1 L,LITER,1000,6,12 months,,1,True,False,4.5,616,TIER_2,4800.0,,
14/07/25 12:15:49,8395089d-9fb6-4444-bd51-216346d42120,8395089d-9fb6-4444-bd51-216346d42120,0ed3c6ae-9a69-4458-aac5-b6c3342c8954,66000,0,0,3,3,2025-07-13T14:03:28.728Z,False,66000,66000,True,SELLABLESKU,False,Cold Drinks & Juices,Soda & Mixers,MILLILITRE,20000,MILLILITRE,47500,0df54b3f-11f6-4ada-b38a-9be38ea25eba,b8cbee0e-6759-48a7-a6b3-f7d84ceb0096,Perrier Natural Sparkling Water,Perrier,France,,,,3ad14843-0d8d-406d-ba61-3f7ddb1af331,66000,330.0,4 x 330 ml,MILLILITRE,1320,6,36 months,,3,True,False,5.0,52,,,,
14/07/25 12:15:49,faf2809d-f71b-5254-8437-d820de96ba40,faf2809d-f71b-5254-8437-d820de96ba40,0ed3c6ae-9a69-4458-aac5-b6c3342c8954,9900,0,0,2,2,2025-07-09T08:16:31.811Z,False,9900,9900,True,SELLABLESKU,False,Cold Drinks & Juices,Instant Drink Mixes,MILLILITRE,3000,MILLILITRE,9400,4d088b94-ba43-4bf0-a881-a573862aa0a1,98cc8680-43a1-47d3-8d58-6f870cf51e88,Mapro Strawberry Fruit Crush,Mapro,India,,,,f5a6598e-7c4d-4b92-bf53-50c611cd05a0,9900,330.0,330 ml,MILLILITRE,330,6,12 months,,2,True,False,4.6,303,,,,
14/07/25 12:15:49,5d32eaf6-64e6-4fa8-8c86-c0a394b574c5,5d32eaf6-64e6-4fa8-8c86-c0a394b574c5,0ed3c6ae-9a69-4458-aac5-b6c3342c8954,3500,12,500,6,6,2025-07-12T11:41:01.902Z,False,4000,3500,True,SELLABLESKU,False,Cold Drinks & Juices,Milk Drinks,MILLILITRE,1900,MILLILITRE,3300,c5638eba-30c0-4a40-8c63-c9947fd22c16,c6e2b7d7-146e-4303-a393-f33aa183bca5,Hershey's Cookies and Cream Milkshake,Hershey's,USA,The Hershey's Company,"Hershey India Private Limited, Plot No. 5, New Industrial Area No. 1, Mandideep, Dist Raisen 462046, MP, India",,92461036-68ef-4af6-ae40-77836b4da717,4000,180.0,180 ml,MILLILITRE,180,12,9 months,,6,False,False,4.4,858,TIER_2,500.0,,
14/07/25 12:15:49,057d52e4-a0a5-48a3-90f4-a8336576a697,057d52e4-a0a5-48a3-90f4-a8336576a697,0ed3c6ae-9a69-4458-aac5-b6c3342c8954,3000,0,0,12,12,2025-07-13T22:37:31.030Z,False,3000,3000,True,SELLABLESKU,False,Cold Drinks & Juices,Water,LITER,150,LITER,3000,b783925b-6b57-4750-99f6-01ea5145ec5e,6399053f-7bde-4fd2-b1f1-76df91853fdd,Bisleri Packaged Drinking Water,Bisleri,India,BISLERI INTERNATIONAL PVT LTD,"BISLERI INTERNATIONAL PVT LTD, 29/33, UDAYAGIRI VILLAGE, DEVANAHALLI, BANGALORE-562110.",,d565b64e-9cc5-4b0d-9189-35129776abdb,3000,2.0,2 l,LITER,2,12,6 months,Typical value per 100 ml of product.Potassium (mg) - 0.1Magnesium (mg) - 0.2,12,False,False,4.8,7137,,,,
14/07/25 12:15:49,03a0dbcf-2ab6-4305-84a8-e576c37b8728,03a0dbcf-2ab6-4305-84a8-e576c37b8728,0ed3c6ae-9a69-4458-aac5-b6c3342c8954,27700,14,4800,4,4,2025-07-12T04:35:36.745Z,False,32500,27700,True,SELLABLESKU,False,Cold Drinks & Juices,Vegan Drinks,LITER,2770,LITER,19500,dcfd1067-a597-4ef0-81d6-9a3d1b9a2891,44cae3b5-1e38-4a08-9d13-f39fff737826,Epigamia Almond Milk,Epigamia,India,Drums Food International Pvt Ltd,"Drums Food International Pvt Ltd, The Centrium, Office No 2 ( Unit 302) , Phoenix Marketcity , LBS Marg, Kurla West, Mumbai 400070.",,6312bdca-1472-4df2-ae61-32e235e41ec6,32500,1.0,1 L,LITER,1,12,9 months,,4,True,False,4.7,511,TIER_2,4800.0,,
14/07/25 12:15:49,bf0ab63a-09ae-511f-8747-3eb22a3730fa,bf0ab63a-09ae-511f-8747-3eb22a3730fa,0ed3c6ae-9a69-4458-aac5-b6c3342c8954,19800,0,0,2,2,2025-07-10T18:32:44.110Z,False,19800,19800,True,SELLABLESKU,False,Cold Drinks & Juices,Instant Drink Mixes,MILLILITRE,2600,MILLILITRE,18800,4d088b94-ba43-4bf0-a881-a573862aa0a1,bdeeb136-c44c-4fbb-a48c-713834a5d87b,Mapro Strawberry Fruit Crush,Mapro,India,,,,0a7cadba-08b4-48e5-97f3-1a263b7b34de,19800,750.0,750 ml,MILLILITRE,750,6,12 months,,2,True,False,4.2,593,,,,
14/07/25 12:15:49,e2268e4b-824e-4d9e-bcb7-4e5a59537e70,e2268e4b-824e-4d9e-bcb7-4e5a59537e70,0ed3c6ae-9a69-4458-aac5-b6c3342c8954,3600,10,400,5,5,2025-07-13T12:29:54.632Z,False,4000,3600,True,SELLABLESKU,False,Cold Drinks & Juices,Milk Drinks,MILLILITRE,2000,MILLILITRE,3400,c5638eba-30c0-4a40-8c63-c9947fd22c16,4fd9f646-a508-4343-bb65-6def1bb1a945,Epigamia Chocolate Milkshake,Epigamia,India,Drums Food International Pvt Ltd,"Drums Food International Pvt Ltd, The Centrium, Office No 2 ( Unit 302) , Phoenix Marketcity , LBS Marg, Kurla West, Mumbai 400070.","Fortified Toned Milk (73.4%) [Milk, Milk Solids, Vitamin A&D], Water, Sugar, Milk Solids, Cocoa Powder (115%), Emulsifier & Stabilizer (INS 471, INS 407, INS 412), Acidity Regulator [INS 339 (ii)], Flavour (Nature Identical Flavouring substances), Iodized Salt.",88f70d00-4561-4232-8bc7-e0331d189055,4000,180.0,180 ml,MILLILITRE,180,16,9 months,"Per 100 ml :-Energy 103 Kcal,Protein 3 g,Carbohydrate 15.5 g,Total Sugars 15.5 g,Added Sugars 11 g,Total Fat 3.2 g,Saturated Fat 2 g,Trans Fat 0.1 g,Cholesterol 10.1 mg,Vitamin A 66.9 mcg,VitaminD 0.60 mcg,Calcium 100 mg,Sodium 50 mg.",5,False,False,4.6,1544,TIER_2,400.0,,
14/07/25 12:15:49,10ad5afb-19d5-459a-acac-76d546d95772,10ad5afb-19d5-459a-acac-76d546d95772,0ed3c6ae-9a69-4458-aac5-b6c3342c8954,4000,0,0,2,2,2025-07-13T16:11:45.864Z,False,4000,4000,True,SELLABLESKU,False,Cold Drinks & Juices,Soft Drinks,MILLILITRE,600,MILLILITRE,3800,dff3658b-c351-4e7f-8196-e98d0c66d99e,f5e2a467-d8d2-4b7a-82b8-6169d19f2fb8,Appy Fizz Apple Soft Drink | Pet,Appy,India,Parle Agro Pvt Ltd,"Parle Agro Pvt Ltd, Plot No; 32 to 46 & 54 to 63, Adakanahalli Industrial Area, Nanjangud taluk, Mysore District - 571302.","Water, Reconstituted Apple Juice, Sugar, CO2, Acidity Regulators, Antioxidant.",6a99c24e-d8f2-4f51-8aef-8282ffc69dca,4000,600.0,600 ml,MILLILITRE,600,12,120 days,Typical value per 100 ml of product.Energy (kcal) - 54Carbohydrates (g) - 13.6 -Natural Sugar (g) - 1.3 -Sugar (g) - 12.3Fat (g) - 0Protein (g) - 0,2,False,False,4.7,4085,,,,
14/07/25 12:15:49,6016911d-1a8d-41c0-8b4f-b900e2302bfb,6016911d-1a8d-41c0-8b4f-b900e2302bfb,0ed3c6ae-9a69-4458-aac5-b6c3342c8954,8700,37,5300,1,1,2025-07-07T20:25:45.332Z,False,14000,8700,True,SELLABLESKU,False,Cold Drinks & Juices,Fruit Juices & Drinks,LITER,870,LITER,8300,c41e2ad3-2dcc-42b6-829b-7e3a8e78d754,bc5b9f2e-757d-44ec-8f0d-a85862f9dd80,B Natural Apple Fruit Juice,B Natural,India,ITC Limited,"ITC Limited, 37, J.L. Nehru Road, Kolkata- 700071.","Water, Apple Juice, Concentrate 17.6%",30cb5331-30f9-42f7-8b1d-ce61e01c4369,14000,1.0,1 L,LITER,1000,6,9 months,per 100 ml of product.Energy (kcal) - 54 Protein (g) - 0 Carbohydrates (g) - 13.5 Natural Sugar - 1.5 Added Sugar (g) - 12 Fat (g) - 0 Vit C (mg) - 17,1,False,False,4.4,177,TIER_2,5300.0,,
14/07/25 12:15:49,1c531bf3-6987-5fee-9e16-626c22280284,1c531bf3-6987-5fee-9e16-626c22280284,0ed3c6ae-9a69-4458-aac5-b6c3342c8954,12000,20,3000,2,2,2025-07-11T13:54:33.826Z,False,15000,12000,True,SELLABLESKU,False,Cold Drinks & Juices,Milk Drinks,MILLILITRE,4000,MILLILITRE,11000,c5638eba-30c0-4a40-8c63-c9947fd22c16,ce773cc3-4d44-4f63-8eed-c5eb19679db8,Maiva Pro Coffee 20g Plant Protein 20 Multivitamin Shake,Maiva Fresh,India,Armaara Innoventures Pvt. Ltd.,,,04a5dce2-b983-425c-8383-3d71f92f3763,15000,300.0,,MILLILITRE,300,6,180 days,,2,False,False,4.6,288,TIER_2,3000.0,,
14/07/25 12:15:49,02f72153-1ec1-42c5-b1e2-5f7b885190a6,02f72153-1ec1-42c5-b1e2-5f7b885190a6,0ed3c6ae-9a69-4458-aac5-b6c3342c8954,3500,12,500,2,2,2025-07-11T15:58:05.768Z,False,4000,3500,True,SELLABLESKU,False,Cold Drinks & Juices,Milk Drinks,MILLILITRE,1900,MILLILITRE,3400,c5638eba-30c0-4a40-8c63-c9947fd22c16,f46e60af-448c-42c2-ba27-39429ea64394,Hershey's Vanilla Milkshake,Hershey's,USA,The Hershey's Company,"HERSHEY INDIA PVT. LTD., SCHINDLER HOUSE, HIRANANDANI GARDENS, POWAI, MUMBAI- 400076.","Water, Sugar, Milk Solids (8%), Emulsifier (460(i), 466, 471, 407), Mineral (Calcium Carbonate), Sequestrant (339(ii)), Mineral (Zinc Sulphate), Vitamin E (Acetate), Vitamin A (Acetate), Vitamin D2 (Ergocalciferol), Vitamin B1 (Thiamine Chloride Hydrochloride) and Vitamin B2 (Riboflavin) and Edible Common Salt.",15b5921f-f2b6-49b2-9d5e-ae1a8d22583a,4000,180.0,180 ml,MILLILITRE,180,8,9 months,"Energy 155.6 Kcal,Protein - 3.6g,Carbohydrates -28.54g,Sugar 21,24g,Fat 3g,Calcium - 324mg",2,False,False,4.5,558,TIER_2,500.0,,
14/07/25 12:15:49,6ad4732b-003c-4c46-a902-2db5656f21b4,6ad4732b-003c-4c46-a902-2db5656f21b4,0ed3c6ae-9a69-4458-aac5-b6c3342c8954,9400,5,500,12,12,2025-07-13T06:29:14.771Z,False,9900,9400,True,SELLABLESKU,False,Cold Drinks & Juices,Soft Drinks,LITER,470,LITER,7300,dff3658b-c351-4e7f-8196-e98d0c66d99e,e358d59a-f7dd-4d43-83a8-a48b8ebbafa0,Pepsi Soft Drink,Pepsi,India,Varun Beverages Limited,"Varun Beverages Limited, Plot No. 31, Institutional Area, Sector - 44, Gurgaon - 122002, Haryana, India.",,82675cec-f35e-4f33-86c9-39d6b0b94f39,9900,2.25,2.25 L,LITER,2250,24,120 days,,12,False,False,4.7,10488,TIER_2,500.0,,
14/07/25 12:15:49,05cadf20-eeb6-458d-a7e4-ebc7e35bcc88,05cadf20-eeb6-458d-a7e4-ebc7e35bcc88,0ed3c6ae-9a69-4458-aac5-b6c3342c8954,2000,0,0,24,24,2025-07-13T22:39:51.233Z,False,2000,2000,True,SELLABLESKU,False,Cold Drinks & Juices,Water,LITER,200,LITER,2000,b783925b-6b57-4750-99f6-01ea5145ec5e,6399053f-7bde-4fd2-b1f1-76df91853fdd,Bisleri Packaged Drinking Water,Bisleri,India,BISLERI INTERNATIONAL PVT LTD,"BISLERI INTERNATIONAL PVT LTD, 29/33, UDAYAGIRI VILLAGE, DEVANAHALLI, BANGALORE-562110.",,569a128f-b7e7-419f-9dfd-01909d78c0ea,2000,1.0,1 L,LITER,1000,24,6 months,Typical value per 100 ml of product.Potassium (mg) - 0.1Magnesium (mg) - 0.2,24,False,False,4.8,7137,,,,
14/07/25 12:15:49,7fb0d1cc-4cf5-43cb-92d6-05fbc96d8a6b,7fb0d1cc-4cf5-43cb-92d6-05fbc96d8a6b,0ed3c6ae-9a69-4458-aac5-b6c3342c8954,7700,9,800,12,12,2025-07-13T09:27:57.386Z,False,8500,7700,True,SELLABLESKU,False,Cold Drinks & Juices,Vegan Drinks,MILLILITRE,3800,MILLILITRE,7300,dcfd1067-a597-4ef0-81d6-9a3d1b9a2891,438421fd-75e4-4f17-8bfa-644cead28750,Dabur Hommade Organic Coconut Milk,Dabur Hommade,India,Dabur India Limited,"Dabur India Limited, Plot No-22, Site 4, Sahibabad, Sahibabad Industrial Area, Sahibabad Industrial Area, Ghaziabad, Uttar Pradesh.",,9687009f-7d47-4cd0-8b2e-6512e9730427,8500,200.0,200 ml,MILLILITRE,200,12,9 months,,12,False,False,4.7,625,TIER_2,800.0,,
14/07/25 12:15:49,8f728ced-5283-4d01-a349-663187cfa165,8f728ced-5283-4d01-a349-663187cfa165,0ed3c6ae-9a69-4458-aac5-b6c3342c8954,3500,12,500,2,2,2025-07-09T09:49:50.616Z,False,4000,3500,True,SELLABLESKU,False,Cold Drinks & Juices,Milk Drinks,MILLILITRE,1900,MILLILITRE,3300,c5638eba-30c0-4a40-8c63-c9947fd22c16,6a77a4b6-b891-48f1-9c3c-06d9fcff50a1,Hershey's Milkshake Cashew Butterscotch Ice Cream Flavor,Hershey's,India,?Makson Pharmaceutical (I) Pvt. Ltd.,,,9bf072a0-b990-467c-9c2b-90a2c74d40a7,4000,180.0,180 ml,MILLILITRE,180,6,9 months,,2,False,False,4.5,618,TIER_2,500.0,,
14/07/25 12:15:49,fa172295-b259-4fdc-9852-0938e7f2008c,fa172295-b259-4fdc-9852-0938e7f2008c,0ed3c6ae-9a69-4458-aac5-b6c3342c8954,3600,10,400,2,2,2025-07-07T23:57:42.652Z,False,4000,3600,True,SELLABLESKU,False,Cold Drinks & Juices,Milk Drinks,MILLILITRE,2000,MILLILITRE,3400,c5638eba-30c0-4a40-8c63-c9947fd22c16,88f320d1-761a-4b0e-be92-61e9733b41d5,Hershey's Coffee Mocha Flavoured Milkshake,Hershey's,India,?Makson Pharmaceutical (I) Pvt. Ltd.,,,b4d48bc1-1760-44de-afa9-402cad1ceb25,4000,180.0,180 ml ,MILLILITRE,180,6,9 months,,2,False,False,4.4,272,TIER_2,400.0,,
14/07/25 12:17:35,0e27545e-22be-5387-bbcc-7b70abf7cb7a,0e27545e-22be-5387-bbcc-7b70abf7cb7a,0ed3c6ae-9a69-4458-aac5-b6c3342c8954,23900,0,100,2,2,2025-07-11T14:04:54.890Z,False,24000,23900,True,SELLABLESKU,False,Cold Drinks & Juices,Soft Drinks,LITER,2390,LITER,22500,dff3658b-c351-4e7f-8196-e98d0c66d99e,55923320-a5c2-4855-9e33-4d1099417615,Pepsi Zero Sugar Soft Drink,Pepsi,India,VBL,,,c5985184-abcb-4cf1-93a6-f4f55bcb7bef,24000,1.9,6 x 330 ml,LITER,1980,6,9 months,,2,True,False,4.3,504,TIER_2,100.0,,
14/07/25 12:17:35,f2545f10-4247-438c-9187-e075d9569761,f2545f10-4247-438c-9187-e075d9569761,0ed3c6ae-9a69-4458-aac5-b6c3342c8954,25500,15,4500,2,2,2025-06-24T21:30:20.949Z,False,30000,25500,True,SELLABLESKU,False,Cold Drinks & Juices,Vegan Drinks,LITER,2550,LITER,25300,dcfd1067-a597-4ef0-81d6-9a3d1b9a2891,08d19365-3d26-4297-b506-8cc402e4c295,So Good Caramel Oat Drink,So Good,India,??Schreiber Dynamix Dairies Private Limited,,,777a0427-44bc-4309-a077-5bb129715f3e,30000,1.0,1 L,LITER,1000,6,12 months,,2,True,False,4.9,57,TIER_2,4500.0,,
14/07/25 12:17:35,4128dea8-15b9-47bc-8bc1-41ee374c8425,4128dea8-15b9-47bc-8bc1-41ee374c8425,0ed3c6ae-9a69-4458-aac5-b6c3342c8954,39000,34,20900,1,1,2025-07-11T13:57:58.915Z,False,59900,39000,True,SELLABLESKU,False,Cold Drinks & Juices,Soda & Mixers,LITER,3900,LITER,38100,0df54b3f-11f6-4ada-b38a-9be38ea25eba,7e5df1ba-6cac-4a96-abd4-be3bb92ef730,Jimmy's Cocktails Assorted Flavoured Sparkling Water,Jimmy's Cocktails,India,Radiohead Brand Private Limited,,,5e4f72af-a941-4300-b15d-ca7d10095713,59900,1.5,1.5 L,LITER,1500,6,12 months,,1,True,False,4.3,324,TIER_2,20900.0,,
14/07/25 12:17:35,fd6aa39f-b156-48fe-9768-d7a4660a9611,fd6aa39f-b156-48fe-9768-d7a4660a9611,0ed3c6ae-9a69-4458-aac5-b6c3342c8954,27000,0,0,1,1,2025-06-29T09:11:19.424Z,False,27000,27000,True,SELLABLESKU,False,Cold Drinks & Juices,Instant Drink Mixes,LITER,2700,LITER,25600,4d088b94-ba43-4bf0-a881-a573862aa0a1,3690d132-33cd-4a87-af6d-a8961e4b8068,Mapro Rose Sharbat,Mapro,India,Mapro Food Pvt. Ltd,"Mapro Food Pvt. Ltd, 122, Shendurjane, Wai 412803.","Sugar, Water, Extract Of (khus R001, Black Raisin, Rose Petals, Oki, Kevoa, Cardamom, Orange Juke, Lemon Juice, Chandan) (11%)Acidity Regulator.",2350e43e-a3b8-4f09-9cbe-7d4fc18ea889,27000,1.0,1 L,LITER,1,12,18 months,"Per 100 g:-Energy 352.00 kcal,Total Sugar 91.00 g,Carbohydrate 91.00 g,Fat 00.01 g,Protein 00.02 g",1,True,False,4.8,92,,,,
14/07/25 12:17:35,5da64a10-508b-4244-a5f2-08fbeddbc004,5da64a10-508b-4244-a5f2-08fbeddbc004,0ed3c6ae-9a69-4458-aac5-b6c3342c8954,3600,10,400,6,6,2025-07-12T12:48:30.807Z,False,4000,3600,True,SELLABLESKU,False,Cold Drinks & Juices,Milk Drinks,MILLILITRE,2000,MILLILITRE,3400,c5638eba-30c0-4a40-8c63-c9947fd22c16,52e8e5c2-d822-441f-8254-a4fca42e96fe,Epigamia Strawberry Milkshake,Epigamia,India,Drums Food International Pvt Ltd,"Drums Food International Pvt Ltd, The Centrium, Office No 2 ( Unit 302) , Phoenix Marketcity , LBS Marg, Kurla West, Mumbai 400070.","Fortified Toned Milk (83%) [Milk, Milk Solids, Vitamin A&D], Water, Sugar, Milk Solids, Emulsifier & Stabilizer (INS 471, INS 407, INS 412, INS 415), Flavour (Natural Flavouring substances), Acidity Regulator [INS 339 (iii)], Colour [INS 127].",569b245f-5204-4ace-b995-a48ca38f0712,4000,180.0,180 ml,MILLILITRE,180,12,9 months,"Per 100 ml :-Energy 106 Kcal,Protein 3 g,Carbohydrate 14.5 g,Total Sugars 14.5 g,Added Sugars 9.5 g,Total Fat 4.0 g,Saturated Fat 2.5 g,Trans Fat 0.1 g,Cholesterol 12.6 mg,Vitamin A 71 mcg,VitaminD 0.65 mcg,Calcium 100 mg,Sodium 50 mg.",6,False,False,4.4,529,TIER_2,400.0,,
14/07/25 12:17:35,16d778d3-e672-48c3-a500-fff6e350befe,16d778d3-e672-48c3-a500-fff6e350befe,0ed3c6ae-9a69-4458-aac5-b6c3342c8954,5000,0,0,4,4,2025-07-10T04:21:13.418Z,False,5000,5000,True,SELLABLESKU,False,Cold Drinks & Juices,Instant Drink Mixes,GRAM,5000,GRAM,4600,4d088b94-ba43-4bf0-a881-a573862aa0a1,a86bdc26-7601-4290-8519-ef68017c488e,Del Monte Chocolate Syrup,Del Monte,India,"Del Monte Foods, Inc.",,,04008871-b981-405e-8c2c-fbe468ea21be,5000,100.0,,GRAM,100,6,13 months,,4,False,False,4.3,129,,,,
14/07/25 12:17:35,f161b6f1-7050-4e28-8452-67a91c900361,f161b6f1-7050-4e28-8452-67a91c900361,0ed3c6ae-9a69-4458-aac5-b6c3342c8954,24500,2,500,4,4,2025-07-10T23:46:34.227Z,False,25000,24500,True,SELLABLESKU,False,Cold Drinks & Juices,Vegan Drinks,LITER,2450,LITER,24500,dcfd1067-a597-4ef0-81d6-9a3d1b9a2891,2f5c0c5e-9d33-482c-992a-583234bd1210,Urban Platter Almond Beverage,Urban Platter,BHUTAN,,,,e8f42f9e-d316-414a-bc9b-e8080e6661ca,25000,1.0,1 L,LITER,1000,6,12 months,,4,True,False,4.8,69,TIER_2,500.0,,
14/07/25 12:17:35,94709a94-d342-47bd-9452-b19212931ec8,94709a94-d342-47bd-9452-b19212931ec8,0ed3c6ae-9a69-4458-aac5-b6c3342c8954,19900,44,16100,2,2,2025-07-10T03:35:05.036Z,False,36000,19900,True,SELLABLESKU,False,Cold Drinks & Juices,Water,LITER,995,LITER,19900,b783925b-6b57-4750-99f6-01ea5145ec5e,553504c5-ff73-4c26-bc7e-812dd26b391c,Booster Water Alkaline Mineral Water,Booster Water,India,,,,66d14e3f-24b4-4cac-9631-d0b2cf6b8cc3,36000,2.0,4 x 500 ml,LITER,2000,6,9 months,,2,True,False,4.6,51,TIER_2,16100.0,,
14/07/25 12:17:35,b9f03663-6a38-50c0-a11e-47c7fc35080b,b9f03663-6a38-50c0-a11e-47c7fc35080b,0ed3c6ae-9a69-4458-aac5-b6c3342c8954,9200,7,700,2,2,2025-07-12T17:28:33.081Z,False,9900,9200,True,SELLABLESKU,False,Cold Drinks & Juices,Non-Alcoholic & Energy Drink,MILLILITRE,2700,MILLILITRE,8500,c6bba2b2-6b2d-4bd4-ae3d-adb6f9383393,b78c829b-f6bf-4225-a064-8a15fec3d04c,Coolberg Malt Non Alcoholic Beer,Coolberg,India,Coolberg Beverages Pvt Ltd,"Universal Business Park, 406, A-Wing, Off, Saki Vihar Rd, Chandivali, Mumbai, Maharashtra 400072.",,f682fd5d-70cd-4a42-890f-66d68361d2e8,9900,330.0,330 ml,MILLILITRE,330,12,12 months,,2,False,False,5.0,56,TIER_2,700.0,,
14/07/25 12:17:35,db9e3e5c-15a9-473e-87f5-c388056c282a,db9e3e5c-15a9-473e-87f5-c388056c282a,0ed3c6ae-9a69-4458-aac5-b6c3342c8954,9900,29,4100,1,1,2025-07-13T11:37:02.241Z,False,14000,9900,True,SELLABLESKU,False,Cold Drinks & Juices,Fruit Juices & Drinks,LITER,990,LITER,9300,c41e2ad3-2dcc-42b6-829b-7e3a8e78d754,14c5ab36-38cc-49e4-929f-10677d1034d6,B Natural Litchi Fruit Juice,B Natural,India,ITC Limited,"ITC Limited, 37, J.L. Nehru Road, Kolkata- 700071.","Water, Blended Lychee Pulp (25%), Sugar, Citric Acid, (E330), Stabilizer (E440) And Vitamin C (E300)",25372888-b075-4a06-92a8-97c1eeefe7a5,14000,1.0,1 L,LITER,1000,6,9 months,per 100 ml of product.Energy (kcal) - 55Carbohydrates (g) - 13.6�Natural Sugar - 2.1�Added Sugar (g) - 11.5Fat (g) - 0Protein (g) - 0.1Vit C (mg) - 12.8,1,False,False,4.3,393,TIER_2,4100.0,,
14/07/25 12:17:35,8395715f-fa33-4cd6-891c-9f129c7e5a1e,8395715f-fa33-4cd6-891c-9f129c7e5a1e,0ed3c6ae-9a69-4458-aac5-b6c3342c8954,6800,2,200,4,4,2025-07-12T15:18:49.783Z,False,7000,6800,True,SELLABLESKU,False,Cold Drinks & Juices,Water,MILLILITRE,1300,MILLILITRE,6700,b783925b-6b57-4750-99f6-01ea5145ec5e,5fc396c4-61ff-451d-9e33-ddf7b9085c5d,O'cean Beverages Peach and Passion Water,O'cean Beverages,,O'Cean Beverages,,,485fe906-4d45-4743-855e-95ff10faf503,7000,500.0,500 ml,MILLILITRE,500,12,12 months,,4,False,False,4.8,863,TIER_2,200.0,,
14/07/25 12:17:35,33d5449b-722c-5edf-b7af-f8efc4945757,33d5449b-722c-5edf-b7af-f8efc4945757,0ed3c6ae-9a69-4458-aac5-b6c3342c8954,6800,0,0,1,1,2025-07-11T15:57:45.739Z,False,6800,6800,True,SELLABLESKU,False,Cold Drinks & Juices,Soft Drinks,LITER,680,LITER,6600,dff3658b-c351-4e7f-8196-e98d0c66d99e,e358d59a-f7dd-4d43-83a8-a48b8ebbafa0,Pepsi Soft Drink,Pepsi,India,Varun Beverages Limited,"Varun Beverages Limited, Plot No. 31, Institutional Area, Sector - 44, Gurgaon - 122002, Haryana, India.",,1c60f3ae-3cd2-4ed5-9451-98bdd8c4d4d4,6800,1.25,1.25 L,LITER,1250,24,120 days,,1,False,False,4.7,10488,,,,
14/07/25 12:17:35,28cb5fcf-bd72-4248-a171-9aa893411042,28cb5fcf-bd72-4248-a171-9aa893411042,0ed3c6ae-9a69-4458-aac5-b6c3342c8954,15000,0,0,2,2,2025-07-13T09:10:12.956Z,False,15000,15000,True,SELLABLESKU,False,Cold Drinks & Juices,Vegan Drinks,LITER,1500,LITER,13700,dcfd1067-a597-4ef0-81d6-9a3d1b9a2891,639bab5d-d52c-4eb1-9c93-a9d4427ed35d,So Good Plant Based Soy Milk,So Good,India,Life Health Foods India Pvt. Ltd,"213, Atlanta Estate, Dr. Ambedkar Chowk, Off, W.E Highway, Goregaon (E), Mumbai, Maharashtra","Water,Soy Protein Isolate, Vitamins",753485de-4ab0-442f-9685-c7f2990b3df5,15000,1.0,1 L,LITER,1000,12,9 months,,2,False,False,4.2,117,,,,
14/07/25 12:17:35,0ee662fb-c4d9-4ac5-aca7-ac0d2bcd82b1,0ee662fb-c4d9-4ac5-aca7-ac0d2bcd82b1,0ed3c6ae-9a69-4458-aac5-b6c3342c8954,42500,0,0,2,2,2025-06-19T07:18:23.502Z,False,42500,42500,True,SELLABLESKU,False,Cold Drinks & Juices,Soda & Mixers,MILLILITRE,17000,MILLILITRE,40000,0df54b3f-11f6-4ada-b38a-9be38ea25eba,58cc0b69-1f7e-49a2-87cb-d931609b1bdf,Monin Mojito Mint Syrup for Cocktails | Mocktails Mixers,Monin,Malaysia,Monin Asia KL Sdn. Bhd.,"Monin Asia KL Sdn. Bhd., Malaysia",,2995e63c-9e66-471e-80e1-4ccc7813dc18,42500,250.0,250 ml,MILLILITRE,250,8,36 months,,2,True,False,5.0,55,,,,
14/07/25 12:17:35,e89b2925-1868-5801-9d15-02f5743c2d4a,e89b2925-1868-5801-9d15-02f5743c2d4a,0ed3c6ae-9a69-4458-aac5-b6c3342c8954,24500,23,7500,2,2,2025-07-01T08:53:59.811Z,False,32000,24500,True,SELLABLESKU,False,Cold Drinks & Juices,Instant Drink Mixes,GRAM,3200,GRAM,22900,4d088b94-ba43-4bf0-a881-a573862aa0a1,6ca3880e-d373-48c9-aebe-8d6d5206fa3e,Rasna Orange Instant Drink Mix,Rasna,India,Rasna Private Limited,,,ef9ec6fd-2e89-489a-bce3-c6a02d677141,32000,750.0,,GRAM,750,6,24 months,,2,True,False,4.6,84,TIER_2,7500.0,,
14/07/25 12:17:35,a8197685-57fd-51a4-a9f5-4a83f31bd38f,a8197685-57fd-51a4-a9f5-4a83f31bd38f,0ed3c6ae-9a69-4458-aac5-b6c3342c8954,2000,0,0,1,1,2025-07-13T23:37:55.175Z,False,2000,2000,True,SELLABLESKU,False,Cold Drinks & Juices,Soft Drinks,MILLILITRE,800,MILLILITRE,1900,dff3658b-c351-4e7f-8196-e98d0c66d99e,a0a0c81d-32a6-4cc3-88c6-6ccecfac8b13,Bombay Banta Black Jeera Soda,Bombay Banta,India,,,,5ee1a58e-25ff-4401-b697-28c26e086f3e,2000,250.0,250 ml,MILLILITRE,260,6,120 days,,1,False,False,4.7,959,,,,
14/07/25 12:17:35,182024f9-7363-463d-81e1-e8f76b8255d2,182024f9-7363-463d-81e1-e8f76b8255d2,0ed3c6ae-9a69-4458-aac5-b6c3342c8954,9300,6,600,2,2,2025-06-25T09:55:26.946Z,False,9900,9300,True,SELLABLESKU,False,Cold Drinks & Juices,Non-Alcoholic & Energy Drink,MILLILITRE,2800,MILLILITRE,9300,c6bba2b2-6b2d-4bd4-ae3d-adb6f9383393,22b9c18f-725c-4915-988d-ff0c63454724,3 Sisters Strawberry Non-Alcoholic Beer,3 Sisters,India,,,,7fe5e482-acc9-4af7-b6da-6724a8c33cbd,9900,330.0,,MILLILITRE,600,6,12 months,,2,False,False,4.6,680,TIER_2,600.0,,
14/07/25 12:17:35,7e4f9a89-5196-4c6b-8eaa-ba09558fdfbc,7e4f9a89-5196-4c6b-8eaa-ba09558fdfbc,0ed3c6ae-9a69-4458-aac5-b6c3342c8954,13700,5,800,1,1,2025-07-12T22:50:05.292Z,False,14500,13700,True,SELLABLESKU,False,Cold Drinks & Juices,Vegan Drinks,LITER,1370,LITER,13100,dcfd1067-a597-4ef0-81d6-9a3d1b9a2891,7e964d21-d44e-44c3-a50b-a32b6985e149,So Good Plant Based Soy Beverage,So Good,India,Life Health Foods India Pvt. Ltd,"213, Atlanta Estate, Dr. Ambedkar Chowk, Off, W.E Highway, Goregaon (E), Mumbai, Maharashtra","Water, Soybean, Acidity Regulator",e6fa7dde-243f-423a-adf6-fc4b3b4c7995,14500,1.0,1 L,LITER,1000,12,9 months,,1,False,False,4.6,113,TIER_2,800.0,,
14/07/25 12:17:35,334ae91c-5627-4432-9cf2-5af50f0b2fef,334ae91c-5627-4432-9cf2-5af50f0b2fef,0ed3c6ae-9a69-4458-aac5-b6c3342c8954,6800,2,200,4,4,2025-07-11T09:58:28.986Z,False,7000,6800,True,SELLABLESKU,False,Cold Drinks & Juices,Water,MILLILITRE,1300,MILLILITRE,6700,b783925b-6b57-4750-99f6-01ea5145ec5e,97efdce6-55f5-4795-b3a7-04b0ebe86d59,O'cean Beverages Pink Guava Flavoured Water,O'cean Beverages,,O'Cean Beverages,,,f05e5616-7d3e-41e1-b9db-6f2fd54810f8,7000,500.0,500 ml,MILLILITRE,500,12,12 months,,4,False,False,4.9,602,TIER_2,200.0,,
14/07/25 12:17:35,b079302b-8348-4d92-9440-192e1d5ab172,b079302b-8348-4d92-9440-192e1d5ab172,0ed3c6ae-9a69-4458-aac5-b6c3342c8954,42500,0,0,2,2,2025-06-24T17:58:28.317Z,False,42500,42500,True,SELLABLESKU,False,Cold Drinks & Juices,Soda & Mixers,MILLILITRE,17000,MILLILITRE,40900,0df54b3f-11f6-4ada-b38a-9be38ea25eba,d2b942ae-d013-4903-9f80-0150f626342d,Monin Bleu Curacao Syrup for Cocktail |Mocktails | Mixers,Monin,Malaysia,Monin Asia KL Sdn. Bhd.,"Monin Asia KL Sdn. Bhd., Malaysia",,a30a8839-0d18-465c-bd5c-84faefeb652d,42500,250.0,250 ml,MILLILITRE,250,8,36 months,,2,True,False,4.8,54,,,,
14/07/25 12:17:35,256fedcb-6e3b-4cd1-bb7f-20722984134b,256fedcb-6e3b-4cd1-bb7f-20722984134b,0ed3c6ae-9a69-4458-aac5-b6c3342c8954,4000,0,0,6,6,2025-07-14T00:10:32.774Z,False,4000,4000,True,SELLABLESKU,False,Cold Drinks & Juices,Soft Drinks,MILLILITRE,1300,MILLILITRE,4000,dff3658b-c351-4e7f-8196-e98d0c66d99e,b839ed8e-e714-4c0b-a469-6d7750390afb,Mountain Dew Lemon Soft Drink,Mountain Dew,India,VBL,,"Carbonated Water, Sugar, Acidity Regulators (330,331), Flavour (Natural Flavouring Substances, Preservatives (211), Caffeine (13 mg/100 g), Stabilizer (445 (iii)), Colour (102)",63d079a8-164e-4679-848f-ecc84e460b40,4000,300.0,300 ml,MILLILITRE,300,6,9 months,,6,False,False,4.7,1533,,,,
14/07/25 12:17:35,8caf881b-e554-561d-9e21-c911cd74a906,8caf881b-e554-561d-9e21-c911cd74a906,0ed3c6ae-9a69-4458-aac5-b6c3342c8954,18400,20,4600,1,1,2025-07-12T10:24:40.721Z,False,23000,18400,True,SELLABLESKU,False,Cold Drinks & Juices,Fruit Juices & Drinks,MILLILITRE,2400,MILLILITRE,17100,c41e2ad3-2dcc-42b6-829b-7e3a8e78d754,7c9a8c4b-8d81-49dc-95b6-ef90921f1355,Raw Pressery Coconut Water,Raw Pressery,India,,,,c51e069a-b306-4965-a501-3309e673b900,23000,750.0,,MILLILITRE,750,6,7 months,,1,True,False,4.6,195,TIER_2,4600.0,,
14/07/25 12:17:35,7f36dd0f-391e-4555-bc7b-2d0b2450756a,7f36dd0f-391e-4555-bc7b-2d0b2450756a,0ed3c6ae-9a69-4458-aac5-b6c3342c8954,6800,2,200,4,4,2025-07-13T04:12:23.652Z,False,7000,6800,True,SELLABLESKU,False,Cold Drinks & Juices,Water,MILLILITRE,1300,MILLILITRE,6700,b783925b-6b57-4750-99f6-01ea5145ec5e,46398235-0429-4c3d-b384-ae825c0d0bf2,O'cean Beverages Crispy Apple Flavoured Water,O'cean Beverages,,O'Cean Beverages,,,e99636d0-3965-4a97-a416-a0b91210aa1c,7000,500.0,500 ml,MILLILITRE,500,12,12 months,,4,False,False,4.6,541,TIER_2,200.0,,
14/07/25 12:17:35,bc337e29-ee12-4e25-88ea-68592fc57a09,bc337e29-ee12-4e25-88ea-68592fc57a09,0ed3c6ae-9a69-4458-aac5-b6c3342c8954,8400,6,600,2,2,2025-07-12T04:27:42.916Z,False,9000,8400,True,SELLABLESKU,False,Cold Drinks & Juices,Instant Drink Mixes,MILLILITRE,3300,MILLILITRE,8100,4d088b94-ba43-4bf0-a881-a573862aa0a1,13b0e904-10c8-4f24-8c41-0a3925e0a211,Dabur Hommade Lemon Concentrated Liquid,Dabur Hommade,India,Dabur India Limited,"Dabur India Limited, Plot No-22, Site 4, Sahibabad, Sahibabad Industrial Area, Sahibabad Industrial Area, Ghaziabad, Uttar Pradesh.",,49a9372d-483c-429a-b458-2ae16e3d7e77,9000,250.0,250 ml,MILLILITRE,250,24,6 months,,2,True,False,4.8,172,TIER_2,600.0,,
14/07/25 12:17:35,e4881806-5700-4e57-bf3a-39b823ced964,e4881806-5700-4e57-bf3a-39b823ced964,0ed3c6ae-9a69-4458-aac5-b6c3342c8954,9200,7,700,4,4,2025-07-07T00:26:48.003Z,False,9900,9200,True,SELLABLESKU,False,Cold Drinks & Juices,Non-Alcoholic & Energy Drink,MILLILITRE,2700,MILLILITRE,9000,c6bba2b2-6b2d-4bd4-ae3d-adb6f9383393,9616e1db-e6de-4023-aba4-3a46d4f3eedf,Coolberg Ginger Non Alcoholic Beer,Coolberg,India,Coolberg Beverages Pvt Ltd,"Universal Business Park, 406, A-Wing, Off, Saki Vihar Rd, Chandivali, Mumbai, Maharashtra 400072.","Carbonated Water, Sugar, Apple Juice Concentrate (1.85%), Barley Malt, Acidulant (INS 330), Herbs, Permitted Class II Preservatives (INS 211), Contains Permitted Natural Food Colour (INS 150d) And Added flavours (Natural, Nature Identical And Artificial Flavouring Substances- Ginger)",3938d7e2-a2fe-4887-b6b1-4438cea1af07,9900,330.0,330 ml,MILLILITRE,330,12,12 months,,4,False,False,4.6,427,TIER_2,700.0,,
14/07/25 12:17:35,0e2c0b85-cf40-4df3-8966-3f1619f7427d,0e2c0b85-cf40-4df3-8966-3f1619f7427d,0ed3c6ae-9a69-4458-aac5-b6c3342c8954,4000,0,0,6,6,2025-07-12T12:30:55.146Z,False,4000,4000,True,SELLABLESKU,False,Cold Drinks & Juices,Soft Drinks,MILLILITRE,1300,MILLILITRE,4000,dff3658b-c351-4e7f-8196-e98d0c66d99e,4e2df326-b604-4045-a696-634bf0d7932a,Pepsi Soft Drink,Pepsi,India,Pepsico India Holdings Pvt. Ltd,,,8be78e06-f108-4695-bcfd-67433764be81,4000,300.0,,MILLILITRE,300,6,9 months,,6,False,False,4.6,1172,,,,
14/07/25 12:17:35,87d81ce1-5e46-4b5d-af27-68de3740351c,87d81ce1-5e46-4b5d-af27-68de3740351c,0ed3c6ae-9a69-4458-aac5-b6c3342c8954,24000,0,0,3,3,2025-06-05T10:58:46.666Z,False,24000,24000,True,SELLABLESKU,False,Cold Drinks & Juices,Water,GRAM,34200,GRAM,24000,b783925b-6b57-4750-99f6-01ea5145ec5e,d344b071-dd9b-4b17-9ffc-63c1f258c174,Evocus Cranberry Electrolytes Mix Powder,Evocus,India,,,,8a77ebd1-7671-4b78-828a-37d4246f401b,24000,70.0,6 x 70 g,GRAM,70,6,24 months,,3,True,False,4.7,214,,,,
14/07/25 12:17:35,f439bcaf-cc33-4147-b510-be52a1c98604,f439bcaf-cc33-4147-b510-be52a1c98604,0ed3c6ae-9a69-4458-aac5-b6c3342c8954,4000,0,0,1,1,2025-07-12T09:48:24.362Z,False,4000,4000,True,SELLABLESKU,False,Cold Drinks & Juices,Milk Drinks,MILLILITRE,2200,MILLILITRE,3800,c5638eba-30c0-4a40-8c63-c9947fd22c16,6d7c4754-0e47-4830-ac08-b7fb71bc7770,Hershey's Almond Milk Shake,Hershey's,USA,The Hershey's Company,"Hershey India Private Limited, Plot No. 5, New Industrial Area No. 1, Mandideep, Dist : Raisen - 462046, MP, India.","Water, Milk Solids - 10%, Sugar, Emulsifier (460 (i), 466, 471), Mineral (Calcium Carbonate), Sequestrant (339 (ii) ), Thickening Agent (415), Edible Common Salt, Mineral (Zinc Sulphate), Vitamin E (Acetate), Vitamin A (Acetate), Vitamin D2 (Ergocalciferol), Vitamin B1 (Thiamine Chloride Hydrochloride), Vitamin B2 (Riboflavin), & Almond Paste - 0. 002%.",f3f9f90b-83c9-4a05-b7c9-14f0e842e6b5,4000,180.0,180 ml,MILLILITRE,180,8,9 months,,1,False,False,4.5,495,,,,
14/07/25 12:17:35,ba0f5c01-e3d8-5e2a-b1bf-e45b23faa411,ba0f5c01-e3d8-5e2a-b1bf-e45b23faa411,0ed3c6ae-9a69-4458-aac5-b6c3342c8954,13000,0,0,2,2,2025-07-05T09:16:14.206Z,False,13000,13000,True,SELLABLESKU,False,Cold Drinks & Juices,Fruit Juices & Drinks,LITER,650,LITER,12500,c41e2ad3-2dcc-42b6-829b-7e3a8e78d754,cda25260-1356-48d8-9777-bb0f28941866,Frooti Mango Drink,Frooti,India,,,,477c7c10-a5ec-489a-965e-c709b18317f2,13000,2.0,,LITER,2168,6,180 days,,2,False,False,4.6,173,,,,
14/07/25 12:17:35,294268bd-d554-4617-90cb-896e725d233b,294268bd-d554-4617-90cb-896e725d233b,0ed3c6ae-9a69-4458-aac5-b6c3342c8954,38300,7,3200,4,4,2025-07-12T05:25:33.092Z,False,41500,38300,True,SELLABLESKU,False,Cold Drinks & Juices,Instant Drink Mixes,KILOGRAM,3830,KILOGRAM,35500,4d088b94-ba43-4bf0-a881-a573862aa0a1,09992fac-a6b9-4f9a-b05f-9f5e292a6e3a,Glucon D Tangy Orange Glucose-D,Glucon D,India,?Zydus Wellness Products Ltd.,"Zydus Wellness, Zydus Corporate Park, Scheme No. 63, Survey No. 536, Ahmedabad.","Sucrose (56%), Glucose (41%), Acidity Regulator (INS 330),
Nature Identical Flavouring Substances, Mineral (Calcium Phosphate),
Edible Common Salt, Vltamin C, Synthetic Colour (INS 110).",0073f44a-1220-45c2-878c-52029738334a,41500,1.0,1 kg,KILOGRAM,1000,6,18 months,,4,True,False,5.0,102,TIER_2,3200.0,,
14/07/25 12:17:35,5fb72847-2447-4ddd-83a6-f21658383b2f,5fb72847-2447-4ddd-83a6-f21658383b2f,0ed3c6ae-9a69-4458-aac5-b6c3342c8954,42500,0,0,2,2,2025-07-11T14:05:13.938Z,False,42500,42500,True,SELLABLESKU,False,Cold Drinks & Juices,Soda & Mixers,MILLILITRE,17000,MILLILITRE,39500,0df54b3f-11f6-4ada-b38a-9be38ea25eba,f5a3cc44-649e-43a0-9674-ffb6ce4f184f,Monin Strawberry Syrup for Cocktail | Mocktails |Slush,Monin,MALAYSIA,Monin Asia KL SDN BHD,,,01002141-c7b5-4e90-8026-a041b32f345c,42500,250.0,,MILLILITRE,250,6,30 months,,2,True,False,5.0,52,,,,
14/07/25 12:17:35,3e6611f0-02be-4bcb-a652-0f2fd353ad12,3e6611f0-02be-4bcb-a652-0f2fd353ad12,0ed3c6ae-9a69-4458-aac5-b6c3342c8954,1900,5,100,6,6,2025-07-13T15:51:41.718Z,False,2000,1900,True,SELLABLESKU,False,Cold Drinks & Juices,Milk Drinks,MILLILITRE,1000,MILLILITRE,1600,c5638eba-30c0-4a40-8c63-c9947fd22c16,b28029da-1fe3-48f2-8395-5a1dd7313e1b,Smoodh Lassi,Smoodh,India,,,,f87825ee-0e30-438b-a64a-ecb46b6439c3,2000,180.0,,MILLILITRE,180,6,180 days,,6,False,False,4.1,333,TIER_2,100.0,,
14/07/25 12:18:42,93fe97ec-e485-5bbe-abd7-643993f630d7,93fe97ec-e485-5bbe-abd7-643993f630d7,0ed3c6ae-9a69-4458-aac5-b6c3342c8954,2000,0,0,4,4,2025-07-14T01:05:02.217Z,False,2000,2000,True,SELLABLESKU,False,Cold Drinks & Juices,Soft Drinks,MILLILITRE,800,MILLILITRE,1900,dff3658b-c351-4e7f-8196-e98d0c66d99e,2541dbcc-c673-4c89-bdef-9508bfc8d1f2,Bombay Banta Masala Cola Soda,Bombay Banta,India,,,,0d46b005-a8ca-4063-a22e-56d90d57a3c0,2000,250.0,250 ml,MILLILITRE,260,6,120 days,,4,False,False,4.6,448,,,,
14/07/25 12:18:42,11bf7f1a-4d21-4908-807d-0207a36b06fe,11bf7f1a-4d21-4908-807d-0207a36b06fe,0ed3c6ae-9a69-4458-aac5-b6c3342c8954,24000,0,0,1,1,2025-07-14T04:26:17.939Z,False,24000,24000,True,SELLABLESKU,False,Cold Drinks & Juices,Water,GRAM,34200,GRAM,24000,b783925b-6b57-4750-99f6-01ea5145ec5e,805dd0c3-9e19-4d63-b43e-f36416d1a427,Evocus Tangerine Electrolytes Mix Powder,Evocus,India,,,,5d03697a-bc7f-4d69-875a-3cbfe9bbe257,24000,70.0,6 x 70 g,GRAM,70,6,24 months,,1,True,False,4.3,631,,,,
14/07/25 12:18:42,aa674d45-65b0-42c4-8d90-cab173044df2,aa674d45-65b0-42c4-8d90-cab173044df2,0ed3c6ae-9a69-4458-aac5-b6c3342c8954,16800,37,10200,2,2,2025-07-06T05:43:33.606Z,False,27000,16800,True,SELLABLESKU,False,Cold Drinks & Juices,Instant Drink Mixes,GRAM,2800,GRAM,15900,4d088b94-ba43-4bf0-a881-a573862aa0a1,c611078f-03eb-43e4-a2a3-26d1074170dd,Del Monte Chocolate Flavoured Syrup,Del Monte,India,"Del Monte Foods, Inc.",,,fe85a527-e130-4950-9f7b-be70ea31c78f,27000,600.0,600 g,GRAM,600,8,13 months,,2,True,False,4.6,152,TIER_2,10200.0,,
14/07/25 12:18:42,fe577fff-caca-5a56-bf36-3e7a79d1ef75,fe577fff-caca-5a56-bf36-3e7a79d1ef75,0ed3c6ae-9a69-4458-aac5-b6c3342c8954,23900,0,100,1,1,2025-07-11T13:57:08.370Z,False,24000,23900,True,SELLABLESKU,False,Cold Drinks & Juices,Soft Drinks,LITER,2390,LITER,22500,dff3658b-c351-4e7f-8196-e98d0c66d99e,ea7457bb-9def-47d3-84f7-bb528919e846,Mountain Dew Soft Drink,Mountain Dew,India,VBL,,,8f4dc925-f54d-4df4-9ed5-aef8b662d1bb,24000,1.98,300 ml x 6,LITER,1980,6,9 months,,1,True,False,4.4,802,TIER_2,100.0,,
14/07/25 12:18:42,c7e3b6d7-beea-4a13-bc67-490892e34b14,c7e3b6d7-beea-4a13-bc67-490892e34b14,0ed3c6ae-9a69-4458-aac5-b6c3342c8954,11700,10,1300,5,5,2025-07-07T15:20:25.115Z,False,13000,11700,True,SELLABLESKU,False,Cold Drinks & Juices,Fruit Juices & Drinks,LITER,1170,LITER,10800,c41e2ad3-2dcc-42b6-829b-7e3a8e78d754,93a94ba5-fafe-4eed-ada0-b960ef399e31,Tropicana Delight Mixed Fruit Juice,Tropicana Delight,India,VBL,,"25% Mixed Fruit Juice In Reconstituted Beverage Water, Sugar, Concentrated Mixed Fruit Juice 6.1% (From Apple, Mango, Guava, Orange, Banana, Apricot, Peach), Acidity Regulator (330), Stabilizers (466, 440), Iodised Salt, Flavour (Natural And Nature Identical Flavouring Substances), Sweetener (960A), Colour (160A(I)). Contain Non-Caloric Sweetener. This Contains Steviol Glycoside.",574aa19b-2253-4857-851a-0890a7ddbf23,13000,1.0,1 L,LITER,1,24,6 months,"Serve Size: 200 ml; 5 servings in this pack 
Per 100 ml % RDA Per Serve
Energy 42 kcal 4%
Protein 0 g 
Total Fat 0 g 0%
Saturated Fat 0 g 0%
Trans Fat 0 g 0%
Carbohydrate 10.5 g 
Total Sugars^ 10.2 g 
Added Sugars 6.9 g 28%
Sodium 25 mg 3%
Potassium 34 mg 
?Approximate Values 
^Includes natural fruit sugars",5,False,False,4.5,416,TIER_2,1300.0,,
14/07/25 12:18:42,955d8c32-0e4c-4496-8ca7-526192e360da,955d8c32-0e4c-4496-8ca7-526192e360da,0ed3c6ae-9a69-4458-aac5-b6c3342c8954,36000,0,0,2,2,2025-07-13T00:26:20.141Z,False,36000,36000,True,SELLABLESKU,False,Cold Drinks & Juices,Soda & Mixers,MILLILITRE,2000,MILLILITRE,34600,0df54b3f-11f6-4ada-b38a-9be38ea25eba,bafb722b-8103-4313-913e-8c99feb073be,Schweppes Tonic Water,Schweppes,India,HINDUSTAN COCA-COLA BEVERAGES PVT. LTD,"HINDUSTAN COCA-COLA BEVERAGES PVT. , 1105/7/8/33, PIRANGUT, TAL. MULSHI DIST, PUNE- 412 111, MAHARASHTRA.",,a3084fc4-e613-4d40-97c5-0de617050f9c,36000,1800.0,6 x 300 ml,MILLILITRE,300,12,12 months,,2,True,False,4.7,64,,,,
14/07/25 12:18:42,1dc98b90-5a16-42f0-8e17-3c16385a8625,1dc98b90-5a16-42f0-8e17-3c16385a8625,0ed3c6ae-9a69-4458-aac5-b6c3342c8954,1900,5,100,6,6,2025-07-13T19:11:15.968Z,False,2000,1900,True,SELLABLESKU,False,Cold Drinks & Juices,Soft Drinks,MILLILITRE,700,MILLILITRE,1900,dff3658b-c351-4e7f-8196-e98d0c66d99e,06bc188e-ae47-4903-bc0c-4689a4ae9e66,Bombay Banta Masala Soda Soft Drink,Bombay Banta,India,,,,2c07540a-1cda-4b0e-a936-273d6b2f95dc,2000,250.0,,MILLILITRE,250,6,6 months,,6,False,False,4.6,1492,TIER_2,100.0,,
14/07/25 12:18:42,f8dafd0c-5144-44d4-ba30-216fd6186808,f8dafd0c-5144-44d4-ba30-216fd6186808,0ed3c6ae-9a69-4458-aac5-b6c3342c8954,24000,0,0,2,2,2025-06-15T09:58:22.626Z,False,24000,24000,True,SELLABLESKU,False,Cold Drinks & Juices,Water,GRAM,34200,GRAM,24000,b783925b-6b57-4750-99f6-01ea5145ec5e,35750dde-b5c2-4712-9769-3f0a20764e4b,Evocus Lime and Yuzu Electrolytes Mix Powder,Evocus,India,,,,f49377dd-32f4-4e00-b95c-509aa4a58ce5,24000,70.0,6 x 70 g,GRAM,70,6,24 months,,2,True,False,4.5,186,,,,
14/07/25 12:18:42,04ab85cf-46ba-4198-b169-7b1a0a60630a,04ab85cf-46ba-4198-b169-7b1a0a60630a,0ed3c6ae-9a69-4458-aac5-b6c3342c8954,9200,7,700,2,2,2025-07-07T01:11:59.419Z,False,9900,9200,True,SELLABLESKU,False,Cold Drinks & Juices,Non-Alcoholic & Energy Drink,MILLILITRE,3000,MILLILITRE,8500,c6bba2b2-6b2d-4bd4-ae3d-adb6f9383393,7e72fc6b-d403-4227-9690-b8957a3452ae,Coolberg Peach Flavoured Non Alcoholic Beer,Coolberg,India,Coolberg Beverages Pvt Ltd,"Universal Business Park, 406, A-Wing, Off, Saki Vihar Rd, Chandivali, Mumbai, Maharashtra 400072.","Carbonated Water, Sugar, Apple Juice Concentrate (1.69%), Barley Malt, Acidulant (INS 330), Herbs, Permitted Class II Preservatives (INS 211), Acidity Regulator (INS 331), Contains Permitted Natural Food Colour (INS 150D) And Added flavours (Natural, Nature Identical And Artificial Flavouring Substances- Peach)",66e1b5b1-efd2-4a7a-b587-23071816f37c,9900,300.0,300 ml,MILLILITRE,250,8,12 months,"Per 100 ml:Energy- 46.05 Kcal,Protein- 0.25 g,Carbohydrates- 11.24 g,Sugar- 11.11 g,Fat- 0.01 g",2,False,False,4.8,271,TIER_2,700.0,,
14/07/25 12:18:42,fbf59b49-a8cc-54d7-bc46-703d25b5dbdd,fbf59b49-a8cc-54d7-bc46-703d25b5dbdd,0ed3c6ae-9a69-4458-aac5-b6c3342c8954,37400,9,4100,4,4,2025-07-10T15:49:52.258Z,False,41500,37400,True,SELLABLESKU,False,Cold Drinks & Juices,Instant Drink Mixes,KILOGRAM,3740,KILOGRAM,36300,4d088b94-ba43-4bf0-a881-a573862aa0a1,405456eb-94bb-4b89-86b1-46b1f154356d,Glucon D Nimbu Pani Glucose Powder,Glucon D,India,Zydus Wellness,"Zydus Wellness, Zydus Corporate Park, Scheme No. 63, Survey No. 536, Ahmedabad.","Glucose (52%), Sucrose (45%), Acidity Regulator (INS 330),
Natural Flavouring Substance, Mineral (Calcium Phosphate),
Edible Common Salt, Vitamin C.",d36bdeab-2e54-416f-a7ec-d0ea2ad9dc93,41500,1.0,1 kg,KILOGRAM,1000,12,18 months,,4,True,False,4.5,531,TIER_2,4100.0,,
14/07/25 12:18:42,c38834a8-dff2-55b3-957d-ff40634f3596,c38834a8-dff2-55b3-957d-ff40634f3596,0ed3c6ae-9a69-4458-aac5-b6c3342c8954,5100,15,900,4,4,2025-07-11T13:57:47.563Z,False,6000,5100,True,SELLABLESKU,False,Cold Drinks & Juices,Non-Alcoholic & Energy Drink,MILLILITRE,1000,MILLILITRE,5100,c6bba2b2-6b2d-4bd4-ae3d-adb6f9383393,c9670e97-9674-4c08-9c9f-dd8092b7bc73,Fast&Up Reload Zero Sugar Energy Drink - Refreshing Orange Flavour,Fast&up,India,AERONUTRIX SPORTS PRODUCTS PVT LTD,,,8011b8c1-fdfe-4b58-989f-c63e3ac76b78,6000,500.0,,MILLILITRE,500,6,12 months,,4,False,False,4.3,150,TIER_2,900.0,,
14/07/25 12:18:42,0062e741-9897-47dc-96ec-01515496b5f5,0062e741-9897-47dc-96ec-01515496b5f5,0ed3c6ae-9a69-4458-aac5-b6c3342c8954,6800,2,200,3,3,2025-07-11T13:21:43.885Z,False,7000,6800,True,SELLABLESKU,False,Cold Drinks & Juices,Water,MILLILITRE,1300,MILLILITRE,6700,b783925b-6b57-4750-99f6-01ea5145ec5e,78c150ec-dd85-4b08-83d0-b565283bbb31,O'cean Beverages Mango and Passion Flavoured Drink,O'cean Beverages,,O'Cean Beverages,,,768c3c46-c175-4710-b33a-102bd7b6bac7,7000,500.0,500 ml,MILLILITRE,500,12,12 months,,3,False,False,4.7,687,TIER_2,200.0,,
14/07/25 12:18:42,ce192409-b703-5bf5-80ee-5e1c39af522d,ce192409-b703-5bf5-80ee-5e1c39af522d,0ed3c6ae-9a69-4458-aac5-b6c3342c8954,19900,11,2600,2,2,2025-07-03T23:23:48.570Z,False,22500,19900,True,SELLABLESKU,False,Cold Drinks & Juices,Instant Drink Mixes,GRAM,3900,GRAM,18800,4d088b94-ba43-4bf0-a881-a573862aa0a1,ac316d83-7a97-4de0-a2b7-d4ea38b447ce,Rasna Native Haat Aam Panna Instant Powder Mix,Rasna,India,Rasna Private Limited,,,e0bce4c8-dac5-4734-b5a2-d5715d84f49b,22500,500.0,,GRAM,500,6,24 months,,2,True,False,4.5,848,TIER_2,2600.0,,
14/07/25 12:18:42,1f0429e4-643b-47f4-8247-0838e7dbf834,1f0429e4-643b-47f4-8247-0838e7dbf834,0ed3c6ae-9a69-4458-aac5-b6c3342c8954,15500,0,0,2,2,2025-07-06T10:02:05.174Z,False,15500,15500,True,SELLABLESKU,False,Cold Drinks & Juices,Vegan Drinks,LITER,1550,LITER,12300,dcfd1067-a597-4ef0-81d6-9a3d1b9a2891,5b264b68-2719-4133-866a-c6b4e4db5016,Sofit Chocolate Soy Milk,Sofit,India,Hersheys India Pvt. Ltd.,,,13eff06c-904a-430b-a4cf-b973d0a8df2e,15500,1.0,1 L,LITER,1,12,9 months,,2,True,False,4.5,145,,,,
14/07/25 12:18:42,30277488-5238-44d7-a378-efaca3944b80,30277488-5238-44d7-a378-efaca3944b80,0ed3c6ae-9a69-4458-aac5-b6c3342c8954,36000,0,0,1,1,2025-07-09T04:28:54.357Z,False,36000,36000,True,SELLABLESKU,False,Cold Drinks & Juices,Soda & Mixers,MILLILITRE,2000,MILLILITRE,34600,0df54b3f-11f6-4ada-b38a-9be38ea25eba,09f24dd6-1571-405f-84bf-d25cdeaa0ff1,Schweppes Ginger Ale,Schweppes,India,HINDUSTAN COCA-COLA BEVERAGES PVT. LTD,"HINDUSTAN COCA-COLA BEVERAGES PVT. , 1105/7/8/33, PIRANGUT, TAL. MULSHI DIST, PUNE- 412 111, MAHARASHTRA.",,72a2b588-d96e-4263-a8df-77cfd20920dc,36000,1800.0,6 x 300 ml,MILLILITRE,300,12,12 months,,1,True,False,4.9,62,,,,
14/07/25 12:18:42,b3141ce9-160c-4822-9a47-4cb4b92b0921,b3141ce9-160c-4822-9a47-4cb4b92b0921,0ed3c6ae-9a69-4458-aac5-b6c3342c8954,5100,15,900,1,1,2025-07-13T13:04:18.258Z,False,6000,5100,True,SELLABLESKU,False,Cold Drinks & Juices,Non-Alcoholic & Energy Drink,MILLILITRE,1000,MILLILITRE,5100,c6bba2b2-6b2d-4bd4-ae3d-adb6f9383393,ba7ef41e-8e52-479b-8b3e-8b568a7923fc,Fast&Up Reload Low Sugar Energy Drink - Tasty Lemon Blast,Fast&up,India,Fast&Up,,,31316fb3-ad57-4f0d-8c84-1c58022cb5ef,6000,500.0,500 ml,MILLILITRE,500,6,12 months,,1,False,False,4.8,342,TIER_2,900.0,,
14/07/25 12:18:42,c7e12144-d983-4d6d-b2c7-f33a58105ca2,c7e12144-d983-4d6d-b2c7-f33a58105ca2,0ed3c6ae-9a69-4458-aac5-b6c3342c8954,2000,0,0,16,16,2025-07-14T04:57:56.366Z,False,2000,2000,True,SELLABLESKU,False,Cold Drinks & Juices,Soda & Mixers,MILLILITRE,200,MILLILITRE,1300,0df54b3f-11f6-4ada-b38a-9be38ea25eba,09f0c20e-b418-4e86-947f-ec7b6ae21715,Bisleri Soda,Bisleri,India,BISLERI INTERNATIONAL PVT LTD,"BISLERI INTERNATIONAL PVT LTD, 19/1,A, Sahibabad Industrial Area Site 4, Sahibabad, Ghaziabad, Uttar Pradesh 201010.","Purified Water, Carbon Dioxide.",8062d3ac-b753-45a0-ab28-36fb25cb0642,2000,750.0,750 ml,MILLILITRE,750,16,6 months,"Per 100 ml :-Energy 0 kcal ,Carbohydrate 0 g ,Sugar 0 g ,Protein 0 g ,Fat 0 g.",16,False,False,4.8,2917,,,,
14/07/25 12:18:42,a7288be6-0ec9-5583-b325-285fc0693438,a7288be6-0ec9-5583-b325-285fc0693438,0ed3c6ae-9a69-4458-aac5-b6c3342c8954,10000,0,0,1,1,2025-07-11T13:59:47.033Z,False,10000,10000,True,SELLABLESKU,False,Cold Drinks & Juices,Fruit Juices & Drinks,LITER,1000,LITER,9600,c41e2ad3-2dcc-42b6-829b-7e3a8e78d754,d39247fc-875b-4c8a-ba39-60f4c7bb2abd,Appy Apple Juice,Appy,India,Parle Agro Pvt. Ltd.,,,000dc3de-87f7-4801-8550-51754037d0a1,10000,1.25,10 x 125 ml,LITER,1250,6,180 days,,1,False,False,4.6,231,,,,
14/07/25 12:18:42,418070da-b432-4bfc-a83e-820bb40b02b8,418070da-b432-4bfc-a83e-820bb40b02b8,0ed3c6ae-9a69-4458-aac5-b6c3342c8954,6600,4,300,2,2,2025-07-13T16:08:34.857Z,False,6900,6600,True,SELLABLESKU,False,Cold Drinks & Juices,Vegan Drinks,MILLILITRE,3600,MILLILITRE,5000,dcfd1067-a597-4ef0-81d6-9a3d1b9a2891,3cc83030-b218-4c84-97d6-92dde554f1ed,Alt Co. Oat Milk,Alt Co.,India,Alt Co,,"Water Oats (12%), Rape Seed Oil (2.5%), Acidity Regulator (INS 340 (II), 341 (III), INS 340 (340)), Salt, Vitamin Premix",2ecf82fa-e35b-432d-888e-067c8650fe05,6900,180.0,180 ml,MILLILITRE,200,6,13 months,,2,False,False,4.6,119,TIER_2,300.0,,
14/07/25 12:18:42,32f931e3-dfdf-5f54-b1ba-51e26065198c,32f931e3-dfdf-5f54-b1ba-51e26065198c,0ed3c6ae-9a69-4458-aac5-b6c3342c8954,8000,0,0,2,2,2025-07-03T10:12:33.058Z,False,8000,8000,True,SELLABLESKU,False,Cold Drinks & Juices,Water,MILLILITRE,1600,MILLILITRE,8000,b783925b-6b57-4750-99f6-01ea5145ec5e,24c01b05-5928-4924-8851-e1187a7ffbab,Evocus Hydration I.V. Electrolytes Drink - Hydration Drink | Blueberry,Evocus,india,,,,01889ded-44b5-4f9d-9f48-01eba37e6a3b,8000,500.0,500 ml,MILLILITRE,500,6,12 months,,2,False,False,4.4,775,,,,
14/07/25 12:18:42,f61a07db-b460-4b28-9f45-3dcdccdb565e,f61a07db-b460-4b28-9f45-3dcdccdb565e,0ed3c6ae-9a69-4458-aac5-b6c3342c8954,27000,0,0,2,2,2025-06-30T19:12:07.422Z,False,27000,27000,True,SELLABLESKU,False,Cold Drinks & Juices,Instant Drink Mixes,LITER,2700,LITER,25600,4d088b94-ba43-4bf0-a881-a573862aa0a1,7fb5ada1-ca7c-4c9f-a0d3-40fedbc9ea84,Mapro Khus Sharbat,Mapro,India,Mapro Food Pvt. Ltd,"Mapro Food Pvt. Ltd, 122, Shendurjane, Wai 412803.","Sharbat Sugar, extract of khus root, water, citric acid (E-330). Contains permitted synthetic food colours (E-102, E-133) and added flavours-natural, nature identical and artificial flavouring substances. Contains permitted class II preservative (E-211).",cbc1eb69-51bb-4078-a807-f8bf48a909af,27000,1.0,1 L,LITER,1,12,18 months,Typical valuelper 100 ml � Energy (kcal) - 358 � Carbohydrates (g) - 92 �Sugar (g) - 92 � Protein (g) - 0 � Fat (g) - 0,2,True,False,5.0,56,,,,
14/07/25 12:18:42,885a27b0-0c46-4a25-9ab1-44e99d8a38a4,885a27b0-0c46-4a25-9ab1-44e99d8a38a4,0ed3c6ae-9a69-4458-aac5-b6c3342c8954,6800,2,200,3,3,2025-07-12T15:18:49.779Z,False,7000,6800,True,SELLABLESKU,False,Cold Drinks & Juices,Water,MILLILITRE,1300,MILLILITRE,6700,b783925b-6b57-4750-99f6-01ea5145ec5e,6c240149-2a8c-49ad-8aee-4cffcbea09e1,O'cean Beverages Strawberry and lime Water,O'cean Beverages,India,O'Cean Beverages,,,922e03de-f6b0-46d8-8216-1272fe482c7d,7000,500.0,500 ml,MILLILITRE,500,6,12 months,,3,False,False,4.9,496,TIER_2,200.0,,
14/07/25 12:18:42,0fbdf1f3-fcc8-5ae5-aeb2-ac724afd0bef,0fbdf1f3-fcc8-5ae5-aeb2-ac724afd0bef,0ed3c6ae-9a69-4458-aac5-b6c3342c8954,14300,4,700,1,1,2025-07-09T00:42:52.954Z,False,15000,14300,True,SELLABLESKU,False,Cold Drinks & Juices,Fruit Juices & Drinks,MILLILITRE,5700,MILLILITRE,13600,c41e2ad3-2dcc-42b6-829b-7e3a8e78d754,7d42a276-3619-49c5-ac49-eeac7a5195e2,Raw Pressery Pomegranate Fruit Juice,Raw Pressery,India,Rakyan Beverages Pvt. Ltd,"Rakyan Beverages Pvt. Ltd, B-12, JWC Logistic Park Pvt. Ltd., National Highway No.17 Palaspe, Panvel, Maharashtra.","Pomegranate (99.8%), Citrus Fiber, Antioxidants/Vitamin C ( INS 300)",4410b519-1146-4ac0-83a9-335b72ab60ca,15000,250.0,250 ml,MILLILITRE,250,12,7 months,,1,False,False,4.2,133,TIER_2,700.0,,
14/07/25 12:18:42,1b49691d-a7ae-5fd8-a665-70dcb688c3fa,1b49691d-a7ae-5fd8-a665-70dcb688c3fa,0ed3c6ae-9a69-4458-aac5-b6c3342c8954,8000,20,2000,5,5,2025-07-11T10:08:59.139Z,False,10000,8000,True,SELLABLESKU,False,Cold Drinks & Juices,Instant Drink Mixes,MILLILITRE,13300,MILLILITRE,7400,4d088b94-ba43-4bf0-a881-a573862aa0a1,0890aa18-5c16-41b0-a026-2517e8d24741,Rebound Mango Anti Hangover Drink,Rebound,India,,,,cdce98ea-b924-49c8-ae85-dd1a7b2d86e0,10000,60.0,,MILLILITRE,65,6,12 months,,5,True,False,4.4,342,TIER_2,2000.0,,
14/07/25 12:18:42,e411a29d-62b8-40e7-ae4b-899409b8e191,e411a29d-62b8-40e7-ae4b-899409b8e191,0ed3c6ae-9a69-4458-aac5-b6c3342c8954,14600,5,900,2,2,2025-07-10T02:13:10.044Z,False,15500,14600,True,SELLABLESKU,False,Cold Drinks & Juices,Vegan Drinks,LITER,1460,LITER,12000,dcfd1067-a597-4ef0-81d6-9a3d1b9a2891,5f774429-1248-4bc4-a31e-61e7eb4b1c6b,Sofit Vanilla Soy Milk,Sofit,India,Sofit,,,bd3a3484-a910-4390-9964-9b98ee6a7714,15500,1.0,1 L,LITER,1,12,9 months,,2,True,False,4.7,397,TIER_2,900.0,,
14/07/25 12:18:42,371714d8-540a-5fa8-af65-61d42a07b95a,371714d8-540a-5fa8-af65-61d42a07b95a,0ed3c6ae-9a69-4458-aac5-b6c3342c8954,15300,4,700,1,1,2025-07-11T13:54:39.223Z,False,16000,15300,True,SELLABLESKU,False,Cold Drinks & Juices,Soft Drinks,LITER,765,LITER,15300,dff3658b-c351-4e7f-8196-e98d0c66d99e,00f88f00-5554-403d-8630-1079d75ac21c,Mountain Dew Lemon Soft Drink,Mountain Dew,India,VBL,,,a45d4d25-b0dd-4b31-bfde-b9c8a62dac76,16000,2.0,8 x 250 ml,LITER,2000,6,180 days,,1,True,False,4.7,700,TIER_2,700.0,,
14/07/25 12:18:42,2ecec74c-989d-479a-ba3c-2962579b5b19,2ecec74c-989d-479a-ba3c-2962579b5b19,0ed3c6ae-9a69-4458-aac5-b6c3342c8954,20800,5,1100,4,4,2025-07-13T07:11:18.545Z,False,21900,20800,True,SELLABLESKU,False,Cold Drinks & Juices,Instant Drink Mixes,GRAM,4600,GRAM,19100,4d088b94-ba43-4bf0-a881-a573862aa0a1,a598d0bc-d829-4096-a2da-6cd49d762749,Glucon D Tangy Orange Instant Powder Mix,Glucon D,India,Zydus Wellness,"Zydus Wellness, Zydus Corporate Park, Scheme No. 63, Survey No. 536, Ahmedabad.","Sucrose (56%), Glucose (41%), Acidity Regulator (INS 330),
Nature Identical Flavouring Substances, Mineral (Calcium Phosphate),
Edible Common Salt, Vltamin C, Synthetic Colour (INS 110).",828fabcd-30dc-46d5-b9f9-60b308f68b7d,21900,450.0,450 g,GRAM,450,12,18 months,,4,True,False,4.9,115,TIER_2,1100.0,,
14/07/25 12:18:42,b3643d4a-3f45-5d94-bce1-18ea41cd1c98,b3643d4a-3f45-5d94-bce1-18ea41cd1c98,0ed3c6ae-9a69-4458-aac5-b6c3342c8954,37500,0,0,1,1,2025-06-24T09:49:16.537Z,False,37500,37500,True,SELLABLESKU,False,Cold Drinks & Juices,Water,MILLILITRE,5000,MILLILITRE,37500,b783925b-6b57-4750-99f6-01ea5145ec5e,e7ef54f9-08e9-4114-884c-a139894241a5,Johnnie Walker Luxe Blended Water,Johnnie Walker,India,,,,3295c441-1f6b-41d0-8324-ae040d0d0570,37500,750.0,750 ml,MILLILITRE,375,6,24 months,,1,True,False,4.6,76,,,,
14/07/25 12:18:42,c0df9a9c-dbd6-4526-8ddc-837ecc0ab248,c0df9a9c-dbd6-4526-8ddc-837ecc0ab248,0ed3c6ae-9a69-4458-aac5-b6c3342c8954,2000,50,2000,3,3,2025-07-11T10:07:56.075Z,False,4000,2000,True,SELLABLESKU,False,Cold Drinks & Juices,Fruit Juices & Drinks,MILLILITRE,1000,MILLILITRE,2000,c41e2ad3-2dcc-42b6-829b-7e3a8e78d754,2ddced6b-c4c6-4a9a-8316-2f0db0de2636,Raw Pressery Refreshers Aam Mango Juice,Raw Pressery,India,,,,f901d057-db9f-42f9-b698-0648c9b328e3,4000,200.0,,MILLILITRE,200,6,9 months,,3,True,False,4.3,219,TIER_2,2000.0,,
14/07/25 12:18:42,f435b4f0-20d3-4665-b5d9-80a79488531d,f435b4f0-20d3-4665-b5d9-80a79488531d,0ed3c6ae-9a69-4458-aac5-b6c3342c8954,6800,2,200,4,4,2025-07-04T13:55:26.298Z,False,7000,6800,True,SELLABLESKU,False,Cold Drinks & Juices,Water,MILLILITRE,1300,MILLILITRE,6700,b783925b-6b57-4750-99f6-01ea5145ec5e,f2b60bfb-918c-44f9-a845-63e824b6f08c,O'cean Beverages Lychee Flavoured Water,O'cean Beverages,India,O'Cean Beverages,,,38af4786-efec-4355-ad4e-35e9ae6a4d63,7000,500.0,500 ml,MILLILITRE,500,6,12 months,,4,False,False,4.7,310,TIER_2,200.0,,
14/07/25 12:18:42,806a1efe-7b24-4562-94c8-f325744580b3,806a1efe-7b24-4562-94c8-f325744580b3,0ed3c6ae-9a69-4458-aac5-b6c3342c8954,12300,1,200,2,2,2025-07-11T13:54:27.696Z,False,12500,12300,True,SELLABLESKU,False,Cold Drinks & Juices,Vegan Drinks,MILLILITRE,4900,MILLILITRE,12200,dcfd1067-a597-4ef0-81d6-9a3d1b9a2891,3d14e624-cef3-43c0-be34-71622648e5c2,Urban Platter Unsweetened Coconut Milk,Urban Platter,India,Istore Direct Trading Pvt. Ltd.,,,6737124e-56c9-4225-81ad-8559dd2f7407,12500,250.0,,MILLILITRE,250,6,12 months,,2,False,False,4.3,82,TIER_2,200.0,,
14/07/25 12:18:42,9ac6a26f-ecf5-4650-b7e9-ace1e043ecee,9ac6a26f-ecf5-4650-b7e9-ace1e043ecee,0ed3c6ae-9a69-4458-aac5-b6c3342c8954,13500,10,1500,4,4,2025-07-10T12:18:22.808Z,False,15000,13500,True,SELLABLESKU,False,Cold Drinks & Juices,Instant Drink Mixes,GRAM,2700,GRAM,13400,4d088b94-ba43-4bf0-a881-a573862aa0a1,4374b7f7-5922-4f8e-8b07-43b74a5f4ff2,Tang Orange Instant Drink Mix,Tang,India,Swaji Nutritionals Private Limited,"Swaji Nutritionals Private Limited, Survey Nos.85/1,85/2,85/3,85/5,86/1,86/2,87/1,87/2, Medamaranahalli Village, Harohalli Hobli, Kanakapura Taluk, Ramanagara District, Ramanagara, Karnataka - 562112.","Sugar, Acidity Regulator (330), Orange Fruit Powder (0.9%*), Anticaking Agent (341(iii), Vitamins, Stabilizers (415, 466), Colours (171, 110, 102), Natural Flavouring Substances, Sweetener (955), lodised Salt, Mineral (Zinc Sulphate). ADDED ORANGE FLAVOUR.",b9b8c8d4-a76c-4ad7-8fd6-e3e4a091f1db,15000,500.0,500 g,GRAM,500,12,18 months,"Nutritional Information Per 100 g
Energy (kcal)- 389
Protein (g)- 0
Carbohydrate (g)- 93.9
Total sugars (g)- 92.9
Added sugars (g)- 92.7
Total Fat (g)- 0
Sodium (mg)- 35
Vitamin C (mg)- 264.7
Zinc (mg)- 5.2
Vitamin D (mg)- 13.5",4,False,False,4.7,273,TIER_2,1500.0,,
14/07/25 12:18:45,ec733c65-f56d-4938-8739-ba60e7ef21a6,ec733c65-f56d-4938-8739-ba60e7ef21a6,0ed3c6ae-9a69-4458-aac5-b6c3342c8954,14000,29,5900,2,2,2025-07-11T13:57:32.476Z,False,19900,14000,True,SELLABLESKU,False,Cold Drinks & Juices,Fruit Juices & Drinks,MILLILITRE,1800,MILLILITRE,13100,c41e2ad3-2dcc-42b6-829b-7e3a8e78d754,b382a8cd-5908-475c-962e-f3c397b70860,Raw Pressery Refreshers Cranberry Fruit Juice,Raw Pressery,India,Raw Pressery,,,1f7a1f4c-dd8c-449b-99d3-445370296824,19900,750.0,750 ml,MILLILITRE,750,6,12 months,,2,True,False,4.3,66,TIER_2,5900.0,,
14/07/25 12:18:45,9f82224f-becf-4474-8f6e-2cf2f61df5b2,9f82224f-becf-4474-8f6e-2cf2f61df5b2,0ed3c6ae-9a69-4458-aac5-b6c3342c8954,19800,0,0,1,1,2025-07-11T12:40:01.956Z,False,19800,19800,True,SELLABLESKU,False,Cold Drinks & Juices,Instant Drink Mixes,MILLILITRE,2600,MILLILITRE,18800,4d088b94-ba43-4bf0-a881-a573862aa0a1,ed74f9dc-3b9a-4261-8ac8-1b26a33e8cc2,Mapro Lemon Lime Juice Cordial,Mapro,India,Mapro Food Pvt. Ltd,"Mapro Food Pvt. Ltd, 122, Shendurjane, Wai 412803.","Water, Sugar, Clear Lime Juice, Acidity Regulator, Class Ii Preservatives, Permitted Synthetic Food Colour.",4ee5a4c2-0165-4e66-b4f0-d2134c7dc2cd,19800,750.0,750 ml,MILLILITRE,750,12,12 months,Typical value per 100 ml of product.Energy (kcal) - 139Carbohydrates (g) - 36Sugar (g) - 34Fat (g) - 00.01Protein (g) - 00.08,1,True,False,4.4,61,,,,
14/07/25 12:18:45,efd8867e-22ee-4f40-aa1d-8d64b633f442,efd8867e-22ee-4f40-aa1d-8d64b633f442,0ed3c6ae-9a69-4458-aac5-b6c3342c8954,14600,2,400,3,3,2025-07-11T09:58:10.886Z,False,15000,14600,True,SELLABLESKU,False,Cold Drinks & Juices,Fruit Juices & Drinks,MILLILITRE,5800,MILLILITRE,13800,c41e2ad3-2dcc-42b6-829b-7e3a8e78d754,dc3358f1-085d-4fa3-bce6-5f603d0dae0a,Raw Pressery Valencia Orange Fruit Juice,Raw Pressery,India,Rakyan Beverages Pvt. Ltd,"Rakyan Beverages Pvt. Ltd, B-12, JWC Logistic Park Pvt. Ltd., National Highway No.17 Palaspe, Panvel, Maharashtra.","ORANGE JUICE(91.8%), ORANGE PULP, CITRUS FIBER, ANTIOXIDANT / VITAMIN C ( INS 300)",788ffcea-50ef-43d6-b7f6-c40749d958ab,15000,250.0,250 ml,MILLILITRE,250,12,9 months,,3,False,False,4.6,176,TIER_2,400.0,,
14/07/25 12:18:45,d9c49c13-b0d4-4ae9-9e2a-63d050f2149c,d9c49c13-b0d4-4ae9-9e2a-63d050f2149c,0ed3c6ae-9a69-4458-aac5-b6c3342c8954,20100,19,4900,1,1,2025-07-11T14:04:52.533Z,False,25000,20100,True,SELLABLESKU,False,Cold Drinks & Juices,Soda & Mixers,MILLILITRE,6000,MILLILITRE,18100,0df54b3f-11f6-4ada-b38a-9be38ea25eba,c663cf7d-68f8-4121-91ad-c12217b39820,Estuary Vodka Blending Water,Estuary,India,Estuaries Industries Private Limited,,,27099d6f-713c-400c-9c93-35a84e2bb27f,25000,330.0,,MILLILITRE,330,6,24 months,,1,True,False,4.2,49,TIER_2,4900.0,,
14/07/25 12:18:45,c5c0ed06-f1c9-4ae1-b4ae-330c9c9538a9,c5c0ed06-f1c9-4ae1-b4ae-330c9c9538a9,0ed3c6ae-9a69-4458-aac5-b6c3342c8954,9000,0,0,2,2,2025-07-10T18:41:00.065Z,False,9000,9000,True,SELLABLESKU,False,Cold Drinks & Juices,Vegan Drinks,MILLILITRE,3600,MILLILITRE,8600,dcfd1067-a597-4ef0-81d6-9a3d1b9a2891,d42d5383-86e5-43b2-95e9-24aa03786527,So Good Coco Mama Organic Coconut Milk,So Good,India,CAVINKARE PRIVATE LIMITED,"CAVINKARE PRIVATE LIMITED, CavinKare Pvt. Ltd., Cavin ville, No. 12, Cenotaph Road, Chennai - 600 018.","Coconut water, Fructose,Vitamin C",d8f1d7a8-c1f5-4e79-ad62-44c1cec8310a,9000,250.0,250 ml,MILLILITRE,250,12,12 months,,2,False,False,4.5,148,,,,
14/07/25 12:18:45,c1838186-0540-503c-91cf-93a4017533b6,c1838186-0540-503c-91cf-93a4017533b6,0ed3c6ae-9a69-4458-aac5-b6c3342c8954,8500,15,1500,2,2,2025-07-02T00:51:36.608Z,False,10000,8500,True,SELLABLESKU,False,Cold Drinks & Juices,Instant Drink Mixes,MILLILITRE,14100,MILLILITRE,7900,4d088b94-ba43-4bf0-a881-a573862aa0a1,35d4b3de-8335-4107-b87d-69c0e08d501e,Rebound Orange Anti Hangover Drink,Rebound,India,,,,92ef3db3-f68f-41b4-9b52-9439a91c07f9,10000,60.0,,MILLILITRE,65,6,12 months,,2,True,False,4.3,67,TIER_2,1500.0,,
14/07/25 12:18:45,de66faad-e8b2-5605-8e70-1125b2583799,de66faad-e8b2-5605-8e70-1125b2583799,0ed3c6ae-9a69-4458-aac5-b6c3342c8954,26300,6,1700,2,2,2025-07-10T18:26:33.979Z,False,28000,26300,True,SELLABLESKU,False,Cold Drinks & Juices,Instant Drink Mixes,KILOGRAM,2630,KILOGRAM,25300,4d088b94-ba43-4bf0-a881-a573862aa0a1,e214d183-ee24-426d-af1f-bdfef2774a8f,Glucon-D Regular Glucose Powder | Tangy Orange Free Refill | For Tasty Glucose Drink,Glucon D,India,,,,eb7d4d1c-edf7-4c65-be3e-10df8341d0d1,28000,1.3,,KILOGRAM,1300,6,24 months,,2,True,False,4.4,665,TIER_2,1700.0,,
14/07/25 12:18:45,afd1245a-58e5-4428-9091-e07b53ea6356,afd1245a-58e5-4428-9091-e07b53ea6356,0ed3c6ae-9a69-4458-aac5-b6c3342c8954,14800,12,2200,1,1,2025-07-13T03:31:34.358Z,False,17000,14800,True,SELLABLESKU,False,Cold Drinks & Juices,Vegan Drinks,MILLILITRE,3700,MILLILITRE,14400,dcfd1067-a597-4ef0-81d6-9a3d1b9a2891,401c3fc0-2805-4ada-9759-4d4e7f011f4e,Real Thai Coconut Milk,Real Thai,THAILAND,Real Thai,,,cd818c17-ac3a-4017-845a-41154283d618,17000,400.0,,MILLILITRE,400,6,36 months,,1,True,False,5.0,56,TIER_2,2200.0,,
14/07/25 12:18:45,bbd654a0-6bce-5725-ba3e-d733c6bfd547,bbd654a0-6bce-5725-ba3e-d733c6bfd547,0ed3c6ae-9a69-4458-aac5-b6c3342c8954,8000,0,0,2,2,2025-06-27T09:32:14.529Z,False,8000,8000,True,SELLABLESKU,False,Cold Drinks & Juices,Water,MILLILITRE,1600,MILLILITRE,8000,b783925b-6b57-4750-99f6-01ea5145ec5e,d801464e-4c43-4b34-91f1-1732be9c2c6b,Evocus Hydration I.V. Electrolytes Drink - Hydration Drink | Cranberry,Evocus,india,,,,276298fd-c148-4c85-bf51-7561bdfa95ca,8000,500.0,500 ml,MILLILITRE,500,6,12 months,,2,False,False,4.7,917,,,,
14/07/25 12:18:45,95f0e7e3-ba56-49db-bb89-d4a4bfe4c7b5,95f0e7e3-ba56-49db-bb89-d4a4bfe4c7b5,0ed3c6ae-9a69-4458-aac5-b6c3342c8954,2000,0,0,19,19,2025-07-13T20:13:59.419Z,False,2000,2000,True,SELLABLESKU,False,Cold Drinks & Juices,Water,LITER,200,LITER,2000,b783925b-6b57-4750-99f6-01ea5145ec5e,ed31651d-8af1-4f57-aeba-966c3ce53144,Aquafina Drinking Water,Aquafina,India,Prithishta business Solutions Pvt. Ltd.,"Mfd. by Prithishta business Solutions Pvt. Ltd. B-65 to B-76, Sipcot Industrial Growth Centre.","Demnerauzed Treated Water, Ozone.",b9516bd7-27ab-44fd-86ef-2d4ed981fcb4,2000,1.0,1 L,LITER,1000,24,9 months,Typical value per 100 ml of product.Energy (kcal) - 0Protein (g) - 0Carbohydrates (g) - 0Sugar (g) - 0Added Sugar (g) - 0Sodium (mg) - 1Calcium (mg) - 2Magnesium (mg) - 1,19,False,False,4.8,1153,,,,
14/07/25 12:18:45,4966074c-6bef-480f-b16b-3e0432bcea91,4966074c-6bef-480f-b16b-3e0432bcea91,0ed3c6ae-9a69-4458-aac5-b6c3342c8954,13000,0,0,1,1,2025-07-12T14:02:20.791Z,False,13000,13000,True,SELLABLESKU,False,Cold Drinks & Juices,Fruit Juices & Drinks,LITER,1300,LITER,12500,c41e2ad3-2dcc-42b6-829b-7e3a8e78d754,2e63b223-3464-4317-bae7-ab437ee2d250,Tropicana Delight Pomegranate Fruit Juice,Tropicana Delight,India,VBL,,"29% Fruit Juice In Reconstituted Beverage Water, Sugar, Concentrated Fruit Juices 5.6% (Pomegranate (3.4%), Apple, Red Grape, Aronia Berry), Acidity Regulator (330), Iodised Salt, Flavour (Natural And Nature Identical Flavouring Substances), Stabilizers (466, 440), Sweetener (960A). Contain Non-Caloric Sweetener. This Contains Steviol Glycoside.",5e878456-d3f0-497c-8259-7c75f72aea3f,13000,1.0,1 L,LITER,1,24,6 months,"Serve Size: 200 ml; 5 servings in this pack 
Per 100 ml % RDA Per Serve
Energy 47 kcal 5%
Protein 0 g 
Total Fat 0 g 0%
Saturated Fat 0 g 0%
Trans Fat 0 g 0%
Carbohydrate 11.8 g 
Total Sugars^ 11.4 g 
Added Sugars 6.9 g 28%
Sodium 53 mg 5%
Potassium 51 mg 
?Approximate Values 
^Includes natural fruit sugars",1,False,False,4.5,363,,,,
14/07/25 12:18:45,b3abdb7f-671a-57db-83dc-848e001046e6,b3abdb7f-671a-57db-83dc-848e001046e6,0ed3c6ae-9a69-4458-aac5-b6c3342c8954,19900,11,2600,4,4,2025-06-13T16:20:01.477Z,False,22500,19900,True,SELLABLESKU,False,Cold Drinks & Juices,Instant Drink Mixes,GRAM,3900,GRAM,18800,4d088b94-ba43-4bf0-a881-a573862aa0a1,ad7bfa8f-b904-49eb-8a81-04f587920ce5,Rasna Native Haat Shikanji Instant Drink Mix,Rasna,India,Rasna Private Limited,,,1d5ef345-0f6c-4c89-b3e8-25434eaecc90,22500,500.0,,GRAM,500,6,24 months,,4,True,False,4.2,912,TIER_2,2600.0,,
14/07/25 12:18:45,7054431f-8600-5301-9d97-6d2463b6fa82,7054431f-8600-5301-9d97-6d2463b6fa82,0ed3c6ae-9a69-4458-aac5-b6c3342c8954,8000,0,0,3,3,2025-07-03T10:13:31.735Z,False,8000,8000,True,SELLABLESKU,False,Cold Drinks & Juices,Water,MILLILITRE,1600,MILLILITRE,8000,b783925b-6b57-4750-99f6-01ea5145ec5e,1b91272d-e3e2-418f-991d-41b8fa33d475,Evocus Hydration I.V. Electrolytes Drink - Hydration Drink | Lime & Yuzu,Evocus,india,,,,111e6420-6f1a-42bd-8b0c-e562c5662309,8000,500.0,500 ml,MILLILITRE,500,6,12 months,,3,False,False,4.2,739,,,,
14/07/25 12:18:45,353f3627-5563-5c96-9ca0-b14ebfd63966,353f3627-5563-5c96-9ca0-b14ebfd63966,0ed3c6ae-9a69-4458-aac5-b6c3342c8954,8400,15,1500,1,1,2025-07-11T11:42:15.019Z,False,9900,8400,True,SELLABLESKU,False,Cold Drinks & Juices,Soda & Mixers,MILLILITRE,3300,MILLILITRE,7700,0df54b3f-11f6-4ada-b38a-9be38ea25eba,142c605e-f2ab-4e00-b3a2-b243286fd54e,Malaki Tonic Water,Malaki,India,Malaki,"Malaki, Nirman Kendra, Unit No. 210 & 211, 2nd Floor, Lane, Dr Elijah Moses Rd, Mahalakshmi, Mumbai, 400011.",,fdc8ecfd-e98c-41ae-a02a-85ff5cf723d7,9900,250.0,250 ml,MILLILITRE,250,12,9 months,,1,False,False,4.5,544,TIER_2,1500.0,,
14/07/25 12:18:45,f6dd66e0-721a-4320-886f-0665b9634dbe,f6dd66e0-721a-4320-886f-0665b9634dbe,0ed3c6ae-9a69-4458-aac5-b6c3342c8954,12900,4,600,2,2,2025-07-04T06:15:20.140Z,False,13500,12900,True,SELLABLESKU,False,Cold Drinks & Juices,Milk Drinks,MILLILITRE,6400,MILLILITRE,11900,c5638eba-30c0-4a40-8c63-c9947fd22c16,61b9c0aa-5a9d-4043-b25e-6cd192479289,Phab 18g Protein Strawberry and Cream Milkshake,Phab,India,,,,d7c3e048-4980-44cb-8c73-41e0dacc82a3,13500,200.0,,MILLILITRE,200,6,12 months,,2,False,False,4.2,92,TIER_2,600.0,,
14/07/25 12:18:45,cdf682e9-cb65-46f2-9618-be6c6a449e6b,cdf682e9-cb65-46f2-9618-be6c6a449e6b,0ed3c6ae-9a69-4458-aac5-b6c3342c8954,9300,6,600,1,1,2025-07-12T13:40:02.841Z,False,9900,9300,True,SELLABLESKU,False,Cold Drinks & Juices,Soda & Mixers,MILLILITRE,3700,MILLILITRE,5400,0df54b3f-11f6-4ada-b38a-9be38ea25eba,2a8df1af-7e7e-4f9a-8ce6-5f1a4ad42319,Jimmy's Cocktails Mint Mojito,Jimmy's Cocktails,India,,,,0fa16edd-85c4-4b7e-b195-64400c097cc7,9900,250.0,,MILLILITRE,250,6,12 months,,1,True,False,4.7,186,TIER_2,600.0,,
14/07/25 12:18:45,486e03be-a0b4-4d70-8bc7-612f8411b4ff,486e03be-a0b4-4d70-8bc7-612f8411b4ff,0ed3c6ae-9a69-4458-aac5-b6c3342c8954,7500,0,0,4,4,2025-06-28T09:50:24.017Z,False,7500,7500,True,SELLABLESKU,False,Cold Drinks & Juices,Vegan Drinks,MILLILITRE,3700,MILLILITRE,7300,dcfd1067-a597-4ef0-81d6-9a3d1b9a2891,68eb2883-fc32-4dbf-a2c6-f8109d181683,So Good Vanilla Almond Milk,So Good,India,Life Health Foods India Pvt. Ltd,"213, Atlanta Estate, Dr. Ambedkar Chowk, Off, W.E Highway, Goregaon (E), Mumbai, Maharashtra","Water, Sugar,Almond Paste (3%), Mineral Premix (0.3%),Emulsifier,Stabiliser, Salt, Vitamin Premix Acidity Regulator",111e6d72-460b-4570-bb40-528656403b1a,7500,200.0,200 ml,MILLILITRE,200,12,12 months,,4,False,False,3.9,117,,,,
14/07/25 12:18:45,200f2a57-030e-535b-8c7f-ca1d9a08ac0e,200f2a57-030e-535b-8c7f-ca1d9a08ac0e,0ed3c6ae-9a69-4458-aac5-b6c3342c8954,23800,15,4200,2,2,2025-06-19T13:27:36.800Z,False,28000,23800,True,SELLABLESKU,False,Cold Drinks & Juices,Instant Drink Mixes,GRAM,3100,GRAM,23100,4d088b94-ba43-4bf0-a881-a573862aa0a1,b9c01a32-b05b-432d-9939-df6f4858e196,Tang Orange Instant Drink Mix,Tang,India,Swaji Nutritionals Private Limited,"Swaji Nutritionals Private Limited, Survey Nos.85/1,85/2,85/3,85/5,86/1,86/2,87/1,87/2, Medamaranahalli Village, Harohalli Hobli, Kanakapura Taluk, Ramanagara District, Ramanagara, Karnataka - 562112.","Sugar, Acidity Regulator (330), Orange Fruit Powder (0.9%*), Anticaking Agent (341(iii), Vitamins, Stabilizers (415, 466), Colours (171, 110, 102), Natural Flavouring Substances, Sweetener (955), lodised Salt, Mineral (Zinc Sulphate). ADDED ORANGE FLAVOUR.",aa49cba3-28b7-419d-ac5b-9a7d0a190fd5,28000,750.0,750 g,GRAM,750,12,18 months,"Nutritional Information Per 100 g
Energy (kcal)- 389
Protein (g)- 0
Carbohydrate (g)- 93.9
Total sugars (g)- 92.9
Added sugars (g)- 92.7
Total Fat (g)- 0
Sodium (mg)- 35
Vitamin C (mg)- 264.7
Zinc (mg)- 5.2
Vitamin D (mg)- 13.5",2,True,False,4.8,86,TIER_2,4200.0,,
14/07/25 12:18:45,8740a8eb-5fb2-529f-8262-204639bc9c68,8740a8eb-5fb2-529f-8262-204639bc9c68,0ed3c6ae-9a69-4458-aac5-b6c3342c8954,6000,0,0,1,1,2025-06-22T10:03:22.083Z,False,6000,6000,True,SELLABLESKU,False,Cold Drinks & Juices,Water,MILLILITRE,1200,MILLILITRE,6000,b783925b-6b57-4750-99f6-01ea5145ec5e,87844bb6-3541-4a52-b962-d1b4e07b8861,Fast&Up Dryp Vitamin Water | Zero Sugar - Zero Calories - Peach Flavour,Fast&up,India,,,,1b6ab679-dfc1-4205-876c-c3d11ce02938,6000,500.0,500 ml,MILLILITRE,500,6,12 months,,1,False,False,4.2,160,,,,
14/07/25 12:18:45,939b3d04-6055-4a7a-971e-be2342b66e6b,939b3d04-6055-4a7a-971e-be2342b66e6b,0ed3c6ae-9a69-4458-aac5-b6c3342c8954,11800,1,200,3,3,2025-07-02T10:21:55.434Z,False,12000,11800,True,SELLABLESKU,False,Cold Drinks & Juices,Soda & Mixers,MILLILITRE,4700,MILLILITRE,6000,0df54b3f-11f6-4ada-b38a-9be38ea25eba,da7c61b9-4821-483a-8349-cf36383311a4,"Jimmy's Cocktails Passion Fruit, Lemon and Vanilla Flavoured Cocktail Mixer",Jimmy's Cocktails,India,,,,27e87c64-c24f-4c58-87c8-9e7e1a73f517,12000,250.0,250 ml,MILLILITRE,250,6,12 months,,3,True,False,4.6,102,TIER_2,200.0,,
14/07/25 12:18:45,616f027f-990b-597f-a15a-62be3a201f4a,616f027f-990b-597f-a15a-62be3a201f4a,0ed3c6ae-9a69-4458-aac5-b6c3342c8954,12000,20,3000,1,1,2025-07-11T13:54:45.698Z,False,15000,12000,True,SELLABLESKU,False,Cold Drinks & Juices,Milk Drinks,MILLILITRE,4000,MILLILITRE,11000,c5638eba-30c0-4a40-8c63-c9947fd22c16,1960d7fb-ca6a-40de-89c9-665ce39d0a9c,Maiva Pro Strawberry 20g Plant Protein 20 Multivitamin Shake,Maiva Fresh,India,Armaara Innoventures Pvt. Ltd.,,,a662fc73-a327-4d80-af90-96bc347d0e9a,15000,300.0,,MILLILITRE,300,6,180 days,,1,False,False,4.7,595,TIER_2,3000.0,,
14/07/25 12:18:45,139cfd5b-31ec-5b9d-907a-69310d3be360,139cfd5b-31ec-5b9d-907a-69310d3be360,0ed3c6ae-9a69-4458-aac5-b6c3342c8954,12000,20,3000,2,2,2025-07-11T13:54:25.188Z,False,15000,12000,True,SELLABLESKU,False,Cold Drinks & Juices,Milk Drinks,MILLILITRE,4000,MILLILITRE,11000,c5638eba-30c0-4a40-8c63-c9947fd22c16,246300ae-6607-423d-bb24-deb2673e4a9a,Maiva Pro Chocolate 20g Plant Protein 20 Multivitamin Shake,Maiva Fresh,India,Armaara Innoventures Pvt. Ltd.,,,f664b05b-6758-4a3d-8bdc-384a4e41611b,15000,300.0,,MILLILITRE,300,6,180 days,,2,False,False,4.3,854,TIER_2,3000.0,,
14/07/25 12:18:45,bf18f2a2-ec49-5b0c-9654-4da3f8e91b89,bf18f2a2-ec49-5b0c-9654-4da3f8e91b89,0ed3c6ae-9a69-4458-aac5-b6c3342c8954,6000,0,0,1,1,2025-06-22T08:29:13.304Z,False,6000,6000,True,SELLABLESKU,False,Cold Drinks & Juices,Water,MILLILITRE,1200,MILLILITRE,6000,b783925b-6b57-4750-99f6-01ea5145ec5e,57b069ea-b341-4572-8916-a64f44fb4b44,Fast&Up Dryp Vitamin Water | Zero Sugar - Zero Calories - Apple Flavour,Fast&up,India,,,,223c8b6b-5cb7-4e96-bcb0-9f3241c9f74d,6000,500.0,500 ml,MILLILITRE,500,6,12 months,,1,False,False,4.4,114,,,,
14/07/25 12:18:45,b5f73ef2-3261-5012-bdce-623a3f0b09a4,b5f73ef2-3261-5012-bdce-623a3f0b09a4,0ed3c6ae-9a69-4458-aac5-b6c3342c8954,9000,10,1000,2,2,2025-07-11T13:57:52.672Z,False,10000,9000,True,SELLABLESKU,False,Cold Drinks & Juices,Instant Drink Mixes,MILLILITRE,15000,MILLILITRE,9000,4d088b94-ba43-4bf0-a881-a573862aa0a1,bcb400db-ec21-43dc-8084-6849d3d66493,Rebound Lemon Anti Hangover Drink,Rebound,India,Aurea Biolabs Private Limited,,,425b6f05-cf37-48b3-a749-5f5a51bb02f0,10000,60.0,,MILLILITRE,65,6,12 months,,2,True,False,4.3,664,TIER_2,1000.0,,
14/07/25 12:18:45,14aca5b8-f6e9-4774-a101-e7d6278cfeb7,14aca5b8-f6e9-4774-a101-e7d6278cfeb7,0ed3c6ae-9a69-4458-aac5-b6c3342c8954,12900,4,600,1,1,2025-07-13T16:07:58.833Z,False,13500,12900,True,SELLABLESKU,False,Cold Drinks & Juices,Milk Drinks,MILLILITRE,6400,MILLILITRE,11900,c5638eba-30c0-4a40-8c63-c9947fd22c16,f32f534b-59b1-4baf-be90-2cb4213e1682,Phab Cold Coffee 18g Protein Milkshake,Phab,India,Sun Hygiene Foods Pvt. Ltd.,,,4fe97006-4948-421a-b2be-1bbd869fc7d7,13500,200.0,,MILLILITRE,200,6,12 months,,1,False,False,4.5,124,TIER_2,600.0,,
14/07/25 12:18:45,308152d4-aefb-4ae1-bcd5-5116b90e0260,308152d4-aefb-4ae1-bcd5-5116b90e0260,0ed3c6ae-9a69-4458-aac5-b6c3342c8954,37400,9,4100,3,3,2025-07-07T13:51:14.994Z,False,41500,37400,True,SELLABLESKU,False,Cold Drinks & Juices,Instant Drink Mixes,KILOGRAM,3740,KILOGRAM,36300,4d088b94-ba43-4bf0-a881-a573862aa0a1,dcc1a430-c10d-4dec-be8a-e3305383b1af,Glucon D Nimbu Pani Glucose Powder,Glucon D,India,?Zydus Wellness Products Ltd.,"Zydus Wellness, Zydus Corporate Park, Scheme No. 63, Survey No. 536, Ahmedabad.","Glucose (52%), Sucrose (45%), Acidity Regulator (INS 330),
Natural Flavouring Substance, Mineral (Calcium Phosphate),
Edible Common Salt, Vitamin C.",3c45d527-e640-44e7-a4c7-ec2bd7e2eee0,41500,1.0,1 kg,KILOGRAM,1000,6,18 months,,3,True,False,5.0,68,TIER_2,4100.0,,
14/07/25 12:18:45,b9dac2e7-927b-5174-a67e-8c040c468da6,b9dac2e7-927b-5174-a67e-8c040c468da6,0ed3c6ae-9a69-4458-aac5-b6c3342c8954,37500,0,0,3,3,2025-07-11T12:25:07.184Z,False,37500,37500,True,SELLABLESKU,False,Cold Drinks & Juices,Soda & Mixers,MILLILITRE,5000,MILLILITRE,37400,0df54b3f-11f6-4ada-b38a-9be38ea25eba,179f98a3-a258-41f9-9577-eba97827fbcd,Perrier Imported Sparkling Water,Perrier France,France,Nestle Waters France,,,e76dcf81-93fb-4028-82c7-a369eef96750,37500,750.0,750 ml,MILLILITRE,750,12,36 months,,3,True,False,5.0,53,,,,
14/07/25 12:18:45,46abbce4-dd35-45a1-b4c3-f74dd678805c,46abbce4-dd35-45a1-b4c3-f74dd678805c,0ed3c6ae-9a69-4458-aac5-b6c3342c8954,14600,5,900,1,1,2025-07-13T07:42:13.540Z,False,15500,14600,True,SELLABLESKU,False,Cold Drinks & Juices,Vegan Drinks,LITER,1460,LITER,14000,dcfd1067-a597-4ef0-81d6-9a3d1b9a2891,601c5eea-5d8a-4795-9f63-530e23b7964f,Hershey's Kesar Pista Soy Milk,Hershey's,USA,The Hershey's Company,,,c3e27e5a-5241-47af-b7b8-f583054e8887,15500,1.0,1 L,LITER,1,8,9 months,,1,True,False,4.5,102,TIER_2,900.0,,
14/07/25 12:18:45,522d815e-d0da-4bc6-b9fd-14e530cab564,522d815e-d0da-4bc6-b9fd-14e530cab564,0ed3c6ae-9a69-4458-aac5-b6c3342c8954,23500,6,1500,2,2,2025-07-12T15:53:59.573Z,False,25000,23500,True,SELLABLESKU,False,Cold Drinks & Juices,Fruit Juices & Drinks,LITER,2350,LITER,22500,c41e2ad3-2dcc-42b6-829b-7e3a8e78d754,868dbe55-eb39-455a-b200-878e5aa6db1e,Raw Pressery Alphonso Mango Fruit Juice,Raw Pressery,,RAW PRESSERY,,,94af4e11-f255-41a8-ab17-05e46651490e,25000,1.0,1 L,LITER,1,12,9 months,,2,True,False,4.7,145,TIER_2,1500.0,,
14/07/25 12:18:45,0e663c71-7413-4844-a36a-535fa95d0c3c,0e663c71-7413-4844-a36a-535fa95d0c3c,0ed3c6ae-9a69-4458-aac5-b6c3342c8954,6000,0,0,4,4,2025-07-13T09:30:12.598Z,False,6000,6000,True,SELLABLESKU,False,Cold Drinks & Juices,Water,LITER,600,LITER,6000,b783925b-6b57-4750-99f6-01ea5145ec5e,014e0ea2-bfb8-439b-8539-70e35806f366,Bisleri Vedica Himalayan Spring Water,Bisleri,India,Quick Pick Enterprises,"Plot No-55 & 65, Pantnagar, Rudrapur - 263153.",,642f616e-6fd8-4737-8a26-7f42567192ad,6000,1.0,1 L,LITER,1000,12,24 months,,4,True,False,4.7,159,,,,
14/07/25 12:18:45,1cd25549-013e-5c7a-a633-1a8e32c1db51,1cd25549-013e-5c7a-a633-1a8e32c1db51,0ed3c6ae-9a69-4458-aac5-b6c3342c8954,20800,5,1100,3,3,2025-07-08T16:28:35.928Z,False,21900,20800,True,SELLABLESKU,False,Cold Drinks & Juices,Instant Drink Mixes,GRAM,4600,GRAM,18200,4d088b94-ba43-4bf0-a881-a573862aa0a1,eb0db879-36d4-4776-9c61-0be0fbb25822,Glucon D Nimbu Pani Glucose Powder,Glucon D,India,Zydus Wellness,"Zydus Wellness, Zydus Corporate Park, Scheme No. 63, Survey No. 536, Ahmedabad.","Glucose (52%), Sucrose (45%), Acidity Regulator (INS 330),
Natural Flavouring Substance, Mineral (Calcium Phosphate),
Edible Common Salt, Vitamin C.",7429d2dd-7c17-4409-9d1f-770d5326d360,21900,450.0,450 g,GRAM,450,8,18 months,,3,True,False,5.0,70,TIER_2,1100.0,,
14/07/25 12:18:45,d1aec85e-0284-4665-a1a3-0900d71a57b0,d1aec85e-0284-4665-a1a3-0900d71a57b0,0ed3c6ae-9a69-4458-aac5-b6c3342c8954,6000,0,0,2,2,2025-07-05T17:17:54.934Z,False,6000,6000,True,SELLABLESKU,False,Cold Drinks & Juices,Soda & Mixers,MILLILITRE,2000,MILLILITRE,5300,0df54b3f-11f6-4ada-b38a-9be38ea25eba,32969618-a2bc-445d-8ad6-68aa3aa5f1a8,Cravova Peach Mojito,Cravova,India,Cravova,,,8d488262-a384-4dac-bc45-bffbec4580c5,6000,300.0,300 ml,MILLILITRE,300,16,6 months,,2,True,False,4.6,221,,,,
14/07/25 12:26:47,8bc60eae-d9f3-4748-b334-9f62eb47a1a5,8bc60eae-d9f3-4748-b334-9f62eb47a1a5,0ed3c6ae-9a69-4458-aac5-b6c3342c8954,13500,10,1500,4,4,2025-07-11T12:10:02.176Z,False,15000,13500,True,SELLABLESKU,False,Cold Drinks & Juices,Milk Drinks,MILLILITRE,5400,MILLILITRE,13100,c5638eba-30c0-4a40-8c63-c9947fd22c16,84c37cb7-bec0-4c8b-898f-bfb2ed2c3d4f,Epigamia Turbo Coffee Protein Milkshake,Epigamia,India,,,,403f785a-8d9a-48de-8dcc-0a2c987409c2,15000,250.0,,MILLILITRE,250,6,180 days,,4,False,False,4.2,138,TIER_2,1500.0,,
14/07/25 12:26:47,6963cc27-1734-4a3f-a3e0-bab59474ed14,6963cc27-1734-4a3f-a3e0-bab59474ed14,0ed3c6ae-9a69-4458-aac5-b6c3342c8954,27000,9,2900,2,2,2025-07-12T09:47:02.937Z,False,29900,27000,True,SELLABLESKU,False,Cold Drinks & Juices,Vegan Drinks,LITER,2700,LITER,24500,dcfd1067-a597-4ef0-81d6-9a3d1b9a2891,4ec970e8-e93d-4338-b73f-ec865dbf39cc,Alt Co. Almond Milk,Alt Co.,India,Alt Co,,,2f72762b-5215-495c-a9b9-9726b553e7b0,29900,1.0,1 L,LITER,1,6,12 months,,2,True,False,4.2,270,TIER_2,2900.0,,
14/07/25 12:26:47,5abd874d-8749-533b-befb-c545833fcdb4,5abd874d-8749-533b-befb-c545833fcdb4,0ed3c6ae-9a69-4458-aac5-b6c3342c8954,54200,8,5200,4,4,2025-07-12T23:26:40.354Z,False,59400,54200,True,SELLABLESKU,False,Cold Drinks & Juices,Non-Alcoholic & Energy Drink,LITER,5420,LITER,54200,c6bba2b2-6b2d-4bd4-ae3d-adb6f9383393,cb30052e-fafd-4c4c-a608-2daebcd15aef,Coolberg Non Alcoholic Beer | Party Pack,Coolberg,India,Coolberg Beverages Pvt. Ltd,,,e2eb868d-5870-4ea4-a1b4-fc8315ccd7fa,59400,1.98,6 x 330 ml,LITER,1980,6,12 months,,4,True,False,5.0,51,TIER_2,5200.0,,
14/07/25 12:26:47,f9aaa092-ead8-5908-a6c7-ba898dbe6bfc,f9aaa092-ead8-5908-a6c7-ba898dbe6bfc,554896ba-1bc3-493a-84c2-8a0ce07c2611,60000,0,0,1,1,2025-06-09T22:33:56.414Z,False,60000,60000,True,SELLABLESKU,False,Cold Drinks & Juices,Instant Drink Mixes,PIECE,60000,PIECE,55100,4d088b94-ba43-4bf0-a881-a573862aa0a1,55063063-a172-4d4f-bff6-407fbb8acc1c,Good Monk Orange Instant Drink Mix,Good Monk,India,,,,e325840f-78b7-4364-9ef3-4b3efc64958d,60000,1.0,396 g,PIECE,396,6,12 months,,1,True,False,4.5,655,,,,
14/07/25 12:26:47,9fece867-af1c-4068-a4a5-b07785f8d917,9fece867-af1c-4068-a4a5-b07785f8d917,0ed3c6ae-9a69-4458-aac5-b6c3342c8954,4000,0,0,1,1,2025-07-12T11:52:22.103Z,False,4000,4000,True,SELLABLESKU,False,Cold Drinks & Juices,Soft Drinks,MILLILITRE,1300,MILLILITRE,3800,dff3658b-c351-4e7f-8196-e98d0c66d99e,942d73e3-7db9-4ecc-9896-4fe98624488d,Pepsi Black Cola Diet Soft Drink,Pepsi Black,India,Pepsico India Holdings Pvt. Ltd,,,c6ddb7ce-ffe7-495d-bcbd-5e8697db0e78,4000,300.0,300 ml,MILLILITRE,300,6,9 months,,1,True,False,4.6,1767,,,,
14/07/25 12:26:47,6f8c4ff4-9b9f-5612-8027-2986d564b7fd,6f8c4ff4-9b9f-5612-8027-2986d564b7fd,0ed3c6ae-9a69-4458-aac5-b6c3342c8954,21700,9,2300,3,3,2025-07-11T14:04:50.377Z,False,24000,21700,True,SELLABLESKU,False,Cold Drinks & Juices,Soda & Mixers,PIECE,1808,PIECE,20400,0df54b3f-11f6-4ada-b38a-9be38ea25eba,34fe5b5f-25d2-45a1-a284-af57a0b47a91,Bombay Banta Imli Chaska Soda,Bombay Banta,India,Bombay Banta,,,7f7b7d9c-4f8e-484e-a86c-cfe1deb7bb20,24000,12.0,1 pack (12 pcs),PIECE,3500,6,180 days,,3,True,False,4.2,143,TIER_2,2300.0,,
14/07/25 12:26:47,d72ede7f-fd2b-49da-a6dd-5e3953f9a3b3,d72ede7f-fd2b-49da-a6dd-5e3953f9a3b3,0ed3c6ae-9a69-4458-aac5-b6c3342c8954,13500,10,1500,3,3,2025-07-12T07:45:55.329Z,False,15000,13500,True,SELLABLESKU,False,Cold Drinks & Juices,Milk Drinks,MILLILITRE,5400,MILLILITRE,13300,c5638eba-30c0-4a40-8c63-c9947fd22c16,5bff2f95-169e-4503-a1bc-5e344c4fd228,Epigamia Turbo Cookies and Cream Protein Milkshake,Epigamia,India,,,,b1ca615f-5384-4135-981d-343c46308dcd,15000,250.0,,MILLILITRE,250,6,180 days,,3,False,False,4.5,207,TIER_2,1500.0,,
14/07/25 12:26:47,92b0a880-1836-40a6-833c-737a87c2398c,92b0a880-1836-40a6-833c-737a87c2398c,0ed3c6ae-9a69-4458-aac5-b6c3342c8954,25200,4,1300,2,2,2025-07-03T09:21:52.351Z,False,26500,25200,True,SELLABLESKU,False,Cold Drinks & Juices,Instant Drink Mixes,GRAM,4000,GRAM,24600,4d088b94-ba43-4bf0-a881-a573862aa0a1,e7e9ebca-b521-4c0e-94f5-2fc53815f8a3,Hershey's Caramel Syrup,Hershey's,USA,The Hershey's Company,"Max Inc GI 13, GT Industrial Area, North (Delhi), 110033.","Cane Sugar, Water, Natural and Artificial Flavor, Sodium Benzoate and Potassium Sorbate (preservatives), Citric Acid,�Caramel�Color",47458cc6-6031-47ba-b205-6a9043451aad,26500,623.0,623 g,GRAM,623,12,13 months,,2,True,False,4.8,89,TIER_2,1300.0,,
14/07/25 12:26:47,2629e188-2674-5870-bda3-a5b12868e81d,2629e188-2674-5870-bda3-a5b12868e81d,554896ba-1bc3-493a-84c2-8a0ce07c2611,60000,0,0,1,1,2025-05-27T05:33:37.163Z,False,60000,60000,True,SELLABLESKU,False,Cold Drinks & Juices,Instant Drink Mixes,PIECE,60000,PIECE,55100,4d088b94-ba43-4bf0-a881-a573862aa0a1,ac6cce08-bdc3-4a8e-abd9-15116e443516,Good Monk Mixed Berries Instant Powder Mix,Good Monk,India,,,,8ca33985-102e-4aac-b032-4733509a0d10,60000,1.0,396 g,PIECE,396,6,12 months,,1,True,False,4.2,545,,,,
14/07/25 12:26:47,dbe6aecc-11cf-44e3-932f-ded55311236f,dbe6aecc-11cf-44e3-932f-ded55311236f,0ed3c6ae-9a69-4458-aac5-b6c3342c8954,14200,4,700,2,2,2025-07-07T07:42:28.728Z,False,14900,14200,True,SELLABLESKU,False,Cold Drinks & Juices,Instant Drink Mixes,GRAM,39400,GRAM,14200,4d088b94-ba43-4bf0-a881-a573862aa0a1,2b0b8ca5-efd3-4bb2-a5c9-1600dfe275ef,Fast&Up Nightout Instant Hangover Relief Drink,Fast&up,India,,,,0676c7f0-42a1-4057-b928-5b314d5cf05d,14900,36.0,1 pack (4 pcs),GRAM,20,6,24 months,,2,True,False,4.1,69,TIER_2,700.0,,
14/07/25 12:26:47,74418328-1ac2-480e-b9b2-462ac4ca9954,74418328-1ac2-480e-b9b2-462ac4ca9954,0ed3c6ae-9a69-4458-aac5-b6c3342c8954,13500,10,1500,5,5,2025-07-11T10:16:18.044Z,False,15000,13500,True,SELLABLESKU,False,Cold Drinks & Juices,Milk Drinks,MILLILITRE,5400,MILLILITRE,13100,c5638eba-30c0-4a40-8c63-c9947fd22c16,94967248-d3e6-4284-8356-e0f05cf35477,Epigamia Turbo Vanilla and Caramel Protein Milkshake,Epigamia,India,?Drums Food International Private Limited,,,e3d82530-d213-4a84-b68d-a81f8764afa2,15000,250.0,250 ml,MILLILITRE,250,6,180 days,,5,False,False,4.4,238,TIER_2,1500.0,,
14/07/25 12:26:47,9f8c76f8-fa44-51b5-a79e-810b65848128,9f8c76f8-fa44-51b5-a79e-810b65848128,0ed3c6ae-9a69-4458-aac5-b6c3342c8954,21700,9,2300,2,2,2025-07-11T13:57:38.596Z,False,24000,21700,True,SELLABLESKU,False,Cold Drinks & Juices,Soda & Mixers,PIECE,1808,PIECE,20400,0df54b3f-11f6-4ada-b38a-9be38ea25eba,94b47ee2-1aa9-454d-95e0-6e0d7efbb6c9,Bombay Banta Kala Khatta Black Currant Soda,Bombay Banta,India,Bombay Banta,,,e71986ee-9129-455c-a887-4e1b057d3480,24000,12.0,1 pack (12 pcs),PIECE,3500,6,180 days,,2,True,False,4.7,773,TIER_2,2300.0,,
14/07/25 12:26:47,d3a60768-84d6-4bff-8855-19171c4a4645,d3a60768-84d6-4bff-8855-19171c4a4645,0ed3c6ae-9a69-4458-aac5-b6c3342c8954,37600,5,2300,1,1,2025-07-12T13:06:08.710Z,False,39900,37600,True,SELLABLESKU,False,Cold Drinks & Juices,Fruit Juices & Drinks,LITER,3760,LITER,31900,c41e2ad3-2dcc-42b6-829b-7e3a8e78d754,dc3358f1-085d-4fa3-bce6-5f603d0dae0a,Raw Pressery Valencia Orange Fruit Juice,Raw Pressery,India,Rakyan Beverages Pvt. Ltd,"Rakyan Beverages Pvt. Ltd, B-12, JWC Logistic Park Pvt. Ltd., National Highway No.17 Palaspe, Panvel, Maharashtra.","ORANGE JUICE(91.8%), ORANGE PULP, CITRUS FIBER, ANTIOXIDANT / VITAMIN C ( INS 300)",64b0ed2d-8512-4b39-b2c1-5c6c50849db6,39900,1.0,1 L,LITER,1000,12,9 months,,1,True,False,4.6,176,TIER_2,2300.0,,
14/07/25 12:26:47,912d3118-54e0-4fa1-aca8-773503c953bd,912d3118-54e0-4fa1-aca8-773503c953bd,0ed3c6ae-9a69-4458-aac5-b6c3342c8954,28300,12,4200,2,2,2025-07-14T03:57:50.555Z,False,32500,28300,True,SELLABLESKU,False,Cold Drinks & Juices,Vegan Drinks,LITER,2830,LITER,26200,dcfd1067-a597-4ef0-81d6-9a3d1b9a2891,231e4f88-15d8-4eb1-9e34-764e4aad6077,Raw Pressery Almond Milk,Raw Pressery,India,Rakyan Beverages Pvt. Ltd,"Rakyan Beverages Pvt. Ltd, B-12, JWC Logistic Park Pvt. Ltd., National Highway No.17 Palaspe, Panvel, Maharashtra.",,1b1b90cc-ad0a-4f14-81a4-14f22b8b64ac,32500,1.0,1 L,LITER,1000,8,12 months,,2,True,False,4.5,113,TIER_2,4200.0,,
14/07/25 12:26:47,4b668e76-6797-5321-8a14-2a129750e84c,4b668e76-6797-5321-8a14-2a129750e84c,554896ba-1bc3-493a-84c2-8a0ce07c2611,60000,0,0,2,2,2025-07-11T14:00:03.585Z,False,60000,60000,True,SELLABLESKU,False,Cold Drinks & Juices,Instant Drink Mixes,PIECE,60000,PIECE,55100,4d088b94-ba43-4bf0-a881-a573862aa0a1,de9335ec-12d2-412f-acff-9b04b54ca532,Good Monk Pineapple Instant Drink Mix,Good Monk,India,Vital Neutraceuticals Pvt ltd,,,dfc4eae1-4466-47da-837c-ba475bdaae27,60000,1.0,396 g,PIECE,396,6,12 months,,2,True,False,4.2,541,,,,
14/07/25 12:26:47,c6a712c0-7384-4fc1-a46b-3c1a8ca4cca6,c6a712c0-7384-4fc1-a46b-3c1a8ca4cca6,0ed3c6ae-9a69-4458-aac5-b6c3342c8954,16200,10,1800,2,2,2025-07-13T02:25:20.334Z,False,18000,16200,True,SELLABLESKU,False,Cold Drinks & Juices,Soft Drinks,LITER,810,LITER,15300,dff3658b-c351-4e7f-8196-e98d0c66d99e,9137d726-af4c-4749-978a-95299ff21525,Bombay Banta Assorted Flavoured Soft Drink,Bombay Banta,India,,,,4f645769-2a09-4a6a-8bef-5dc6fd4625cd,18000,2.0,8 x 250 ml,LITER,2000,6,180 days,,2,True,False,4.8,71,TIER_2,1800.0,,
14/07/25 12:26:47,82ef7e7f-101e-4072-8fd8-24bc51fd6012,82ef7e7f-101e-4072-8fd8-24bc51fd6012,0ed3c6ae-9a69-4458-aac5-b6c3342c8954,11000,4,500,1,1,2025-07-12T15:57:23.836Z,False,11500,11000,True,SELLABLESKU,False,Cold Drinks & Juices,Instant Drink Mixes,GRAM,5500,GRAM,10700,4d088b94-ba43-4bf0-a881-a573862aa0a1,70255ead-049e-4f7b-bd7a-7c7d9b5d6d05,Hershey's Strawberry Syrup,Hershey's,USA,The Hershey's Company,"Hershey India Pvt Ltd, Plot, No 5, New Industrial Area No. 1, Mandideep Dist, Raisen - 462046, Madhya Pradesh.",,decb8a7d-bc15-4aa5-b610-f667e86c97f8,11500,200.0,200 g,GRAM,200,12,13 months,,1,False,False,4.4,174,TIER_2,500.0,,
14/07/25 12:26:47,0b5b2d13-f411-452c-8df2-2a9adf7a8cbb,0b5b2d13-f411-452c-8df2-2a9adf7a8cbb,0ed3c6ae-9a69-4458-aac5-b6c3342c8954,27500,6,2000,2,2,2025-06-21T06:10:32.992Z,False,29500,27500,True,SELLABLESKU,False,Cold Drinks & Juices,Non-Alcoholic & Energy Drink,PIECE,1375,PIECE,27400,c6bba2b2-6b2d-4bd4-ae3d-adb6f9383393,9d102185-1fa3-4109-84a0-e2b4067c6fd8,Fast&Up Reload Energy Drink Low Sugar Electrolyte - Berry Flavour,Fast&up,India,Fast&Up,"Fast&Up, Wing-A, Lion Sole Marg, Highland Park, Andheri West, Mumbai, Maharashtra 400102.",,4b659ece-3219-4eb8-9bf9-917c73c64361,29500,20.0,1 pack (20 pcs),PIECE,20,12,24 months,,2,True,False,5.0,65,TIER_2,2000.0,,
14/07/25 12:26:47,da9c30f1-40ba-4101-a995-311507f1ebcf,da9c30f1-40ba-4101-a995-311507f1ebcf,0ed3c6ae-9a69-4458-aac5-b6c3342c8954,33100,44,26900,1,1,2025-06-30T19:07:35.688Z,False,60000,33100,True,SELLABLESKU,False,Cold Drinks & Juices,Water,PIECE,5516,PIECE,33100,b783925b-6b57-4750-99f6-01ea5145ec5e,a3ec15c5-a259-487c-9644-5b210a5a8771,Aava Sparkling Water,AAVA,India,,,,0d29a119-9f54-4071-a8b7-116cfac4dfc4,60000,6.0,6 x 500 ml,PIECE,3000,6,180 days,,1,True,False,3.9,52,TIER_2,26900.0,,
14/07/25 12:26:47,776c0eb1-d8bc-4e31-9458-fe55da297135,776c0eb1-d8bc-4e31-9458-fe55da297135,0ed3c6ae-9a69-4458-aac5-b6c3342c8954,1900,5,100,6,6,2025-07-13T09:13:40.988Z,False,2000,1900,True,SELLABLESKU,False,Cold Drinks & Juices,Soft Drinks,MILLILITRE,700,MILLILITRE,1900,dff3658b-c351-4e7f-8196-e98d0c66d99e,b54a91f2-3ccb-43cf-941e-28001b9b280b,Bombay Banta Imli Jeera Soft Drink,Bombay Banta,India,,,,be528717-fa5a-4c31-a02e-a282e1e8952e,2000,250.0,,MILLILITRE,250,6,6 months,,6,False,False,4.4,768,TIER_2,100.0,,
14/07/25 12:26:47,00c220fd-4adb-527f-bb91-4f9327ca5df1,00c220fd-4adb-527f-bb91-4f9327ca5df1,0ed3c6ae-9a69-4458-aac5-b6c3342c8954,10000,0,0,6,6,2025-07-13T09:19:12.540Z,False,10000,10000,True,SELLABLESKU,False,Cold Drinks & Juices,Fruit Juices & Drinks,LITER,1000,LITER,9600,c41e2ad3-2dcc-42b6-829b-7e3a8e78d754,e880c134-66ab-4b9e-85a4-cfa880755af3,Frooti Mango Drink,Frooti,India,,,,e4578a06-0624-4988-9e64-680698c58557,10000,1.25,10 x 125 ml,LITER,1250,6,180 days,,6,False,False,4.8,1226,,,,
14/07/25 12:26:47,b382babb-cac1-468b-8233-dd3e9c6686fc,b382babb-cac1-468b-8233-dd3e9c6686fc,0ed3c6ae-9a69-4458-aac5-b6c3342c8954,5300,33,2700,1,1,2025-07-11T14:22:48.765Z,False,8000,5300,True,SELLABLESKU,False,Cold Drinks & Juices,Milk Drinks,MILLILITRE,2900,MILLILITRE,5300,c5638eba-30c0-4a40-8c63-c9947fd22c16,e7e3bea7-3acb-4980-abb5-50f0406a7780,Epigamia Greek Yogurt Blueberry Smoothie,Epigamia,India,Drums Food International Pvt Ltd,"Drums Food International Pvt Ltd, The Centrium, Office No 2 ( Unit 302) , Phoenix Marketcity , LBS Marg, Kurla West, Mumbai 400070.","Greek Yogurt (Pasteurized Double Toned Milk, Milk Solids, Stabilizing Agent (Pectin Ins 440), Permitted Starter Cultures), Processed Blueberry Pulp (Sugar, Blueberry Puree, Water, Stabilizing Agent (Pectin Ins 440), Lemon Juice Concentrate) Total Fruit Content: 3%",52cd9ab1-a85b-41fe-b213-341e3dfd82d6,8000,180.0,180 ml,MILLILITRE,200,12,30 days,,1,False,False,4.7,205,TIER_2,2700.0,,
14/07/25 12:26:47,67d71fc1-de0e-4986-b477-d47a7bffed7f,67d71fc1-de0e-4986-b477-d47a7bffed7f,0ed3c6ae-9a69-4458-aac5-b6c3342c8954,27900,5,1600,3,3,2025-07-12T06:31:42.147Z,False,29500,27900,True,SELLABLESKU,False,Cold Drinks & Juices,Vegan Drinks,LITER,2790,LITER,27800,dcfd1067-a597-4ef0-81d6-9a3d1b9a2891,48dd7ede-e731-4b0a-ae7e-ea6393f13751,Only Earth Organic Coconut Drink,Only Earth,India,Naturise Consumer Products Pvt Ltd,"Naturise Consumer Products Pvt Ltd, 109, Vellala stree, Purasawalkam, Chennai 600084.",,7e1d7282-d490-4373-a4c7-1c7e44976830,29500,1.0,1 L,LITER,1000,12,12 months,,3,True,False,4.6,66,TIER_2,1600.0,,
14/07/25 12:26:47,31db9e03-a710-4fe7-a5c6-1a2df0714a24,31db9e03-a710-4fe7-a5c6-1a2df0714a24,0ed3c6ae-9a69-4458-aac5-b6c3342c8954,28300,8,2700,2,2,2025-07-11T14:00:59.382Z,False,31000,28300,True,SELLABLESKU,False,Cold Drinks & Juices,Non-Alcoholic & Energy Drink,PIECE,28300,PIECE,28200,c6bba2b2-6b2d-4bd4-ae3d-adb6f9383393,cef29fdf-0563-4666-b017-4cdc8b91d851,Fast&Up Reload Zero Sugar Energy Drink for Hydration - Ice Current Flavour,Fast&up,India,AERONUTRIX SPORTS PRODUCTS PVT LTD,,,a882b6ec-f992-435e-946e-aaad037ca556,31000,1.0,1 pack (22 pcs),PIECE,150,6,24 months,,2,True,False,4.6,981,TIER_2,2700.0,,
14/07/25 12:26:47,8126b483-30e5-5e25-91d6-48f86c9a692a,8126b483-30e5-5e25-91d6-48f86c9a692a,0ed3c6ae-9a69-4458-aac5-b6c3342c8954,60000,0,0,1,1,2025-07-11T13:54:37.210Z,False,60000,60000,True,SELLABLESKU,False,Cold Drinks & Juices,Water,PIECE,60000,PIECE,60000,b783925b-6b57-4750-99f6-01ea5145ec5e,81efb389-67b7-441c-9610-94cea61bb405,Evocus Natural Black Alkaline Water,Evocus,India,Evocus,,,df6aa881-f64c-4e06-a2c9-63e792d2c679,60000,1.0,1 pack (6 pcs),PIECE,3000,6,12 months,,1,True,False,4.2,68,,,,
14/07/25 12:26:47,9f018423-4088-466b-ab3d-b7a1d6f1f342,9f018423-4088-466b-ab3d-b7a1d6f1f342,0ed3c6ae-9a69-4458-aac5-b6c3342c8954,13500,0,0,2,2,2025-07-11T16:14:51.989Z,False,13500,13500,True,SELLABLESKU,False,Cold Drinks & Juices,Instant Drink Mixes,GRAM,12200,GRAM,13000,4d088b94-ba43-4bf0-a881-a573862aa0a1,a0b8811a-46da-4f3d-a436-469ff77115f0,hershey's Chocolate Instant Powder Mix,hershey's,India,Hershey's India,,,9e382434-e4ab-4571-8a8f-30f95b9ac3ee,13500,110.0,,GRAM,110,6,12 months,,2,False,False,4.7,266,,,,
14/07/25 12:26:47,eb7cd8e8-4983-4bda-8708-4912c8606caa,eb7cd8e8-4983-4bda-8708-4912c8606caa,0ed3c6ae-9a69-4458-aac5-b6c3342c8954,27500,6,2000,3,3,2025-07-07T22:29:56.289Z,False,29500,27500,True,SELLABLESKU,False,Cold Drinks & Juices,Non-Alcoholic & Energy Drink,PIECE,1375,PIECE,26000,c6bba2b2-6b2d-4bd4-ae3d-adb6f9383393,58329075-f4bb-4131-833f-6fd4653c8a12,Fast&Up Reload Energy Drink Low Sugar Electrolyte - Lime Lemon Flavour,Fast&up,India,Fast&Up,"Fast&Up, Wing-A, Lion Sole Marg, Highland Park, Andheri West, Mumbai, Maharashtra 400102.",,ea62fbf8-dc72-4655-97a8-1f891789341d,29500,20.0,1 pack (20 pcs),PIECE,20,12,24 months,,3,True,False,4.9,87,TIER_2,2000.0,,
14/07/25 12:26:47,9426d764-f832-4944-9ab8-48f0cd58e538,9426d764-f832-4944-9ab8-48f0cd58e538,0ed3c6ae-9a69-4458-aac5-b6c3342c8954,1900,5,100,6,6,2025-07-14T05:54:02.041Z,False,2000,1900,True,SELLABLESKU,False,Cold Drinks & Juices,Soft Drinks,MILLILITRE,700,MILLILITRE,1900,dff3658b-c351-4e7f-8196-e98d0c66d99e,adea52e2-48a2-4ebb-a358-868aaa04666d,Bombay Banta Lemon Soda Soft Drink,Bombay Banta,India,,,,3a989903-630f-49ac-b170-7b2c7bc1a2ab,2000,250.0,,MILLILITRE,250,6,6 months,,6,False,False,4.6,876,TIER_2,100.0,,
14/07/25 12:26:47,84e7d14d-3516-4965-ba43-3bccefb57aea,84e7d14d-3516-4965-ba43-3bccefb57aea,0ed3c6ae-9a69-4458-aac5-b6c3342c8954,7000,12,1000,1,1,2025-07-11T14:04:32.721Z,False,8000,7000,True,SELLABLESKU,False,Cold Drinks & Juices,Soda & Mixers,MILLILITRE,2800,MILLILITRE,7000,0df54b3f-11f6-4ada-b38a-9be38ea25eba,6196eb9e-3764-4e04-90e8-1be1b9d3c38c,3 Sisters Jeera Masala Soda,3 Sisters,India,Adhar Beverages Private Limited,,,e9977cfb-3bc9-4b2c-b10f-d1c4dd490f8c,8000,250.0,,MILLILITRE,270,6,18 months,,1,False,False,4.4,823,TIER_2,1000.0,,
14/07/25 12:26:47,62394c03-65d3-42a6-a565-f071079f120c,62394c03-65d3-42a6-a565-f071079f120c,0ed3c6ae-9a69-4458-aac5-b6c3342c8954,27600,8,2400,2,2,2025-07-13T10:26:35.325Z,False,30000,27600,True,SELLABLESKU,False,Cold Drinks & Juices,Vegan Drinks,LITER,2760,LITER,25800,dcfd1067-a597-4ef0-81d6-9a3d1b9a2891,a4d67bda-f8f2-4aa3-af00-3f18582c98ce,So Good Plant Based Almond Milk,So Good,India,Life Health Foods India Pvt Ltd,"Life Health Foods India Pvt Ltd No.510, Atlanta Estate, Dr.Ambedkar Chowk, Off. W.E. Highway,Goregaon(E), Mumbai.",Almond Milk,046dd783-2e2f-456c-b320-d5e0c8bf93dc,30000,1.0,1 L,LITER,1000,6,12 months,,2,True,False,4.7,101,TIER_2,2400.0,,
14/07/25 12:26:47,97009cfc-d553-5fd7-acad-7cd478aad164,97009cfc-d553-5fd7-acad-7cd478aad164,0ed3c6ae-9a69-4458-aac5-b6c3342c8954,1500,0,0,6,6,2025-07-14T05:29:55.065Z,False,1500,1500,True,SELLABLESKU,False,Cold Drinks & Juices,Milk Drinks,MILLILITRE,800,MILLILITRE,1300,c5638eba-30c0-4a40-8c63-c9947fd22c16,f7700c38-1875-45ab-8093-cf881029b677,Smoodh Chaas Masala Flavoured Buttermilk Pet,Smoodh,India,,,,3e857b3a-5a46-417f-b8bb-771339952771,1500,180.0,,MILLILITRE,180,6,180 days,,6,False,False,4.2,755,,,,
14/07/25 12:26:47,c6ea23f2-d175-4f33-9ecf-9c7e163981b5,c6ea23f2-d175-4f33-9ecf-9c7e163981b5,0ed3c6ae-9a69-4458-aac5-b6c3342c8954,1900,5,100,6,6,2025-07-13T19:11:15.972Z,False,2000,1900,True,SELLABLESKU,False,Cold Drinks & Juices,Soft Drinks,MILLILITRE,700,MILLILITRE,1900,dff3658b-c351-4e7f-8196-e98d0c66d99e,f9538f84-908d-4416-a688-506915f46275,Bombay Banta Kala Khatta Soft Drink,Bombay Banta,India,,,,d70671c3-dfcc-4cf5-a1e0-157f822cd4a5,2000,250.0,,MILLILITRE,250,6,6 months,,6,False,False,4.4,1480,TIER_2,100.0,,
14/07/25 12:31:35,72364048-e997-41e5-8ee0-d282c1ccc80d,72364048-e997-41e5-8ee0-d282c1ccc80d,0ed3c6ae-9a69-4458-aac5-b6c3342c8954,7000,12,1000,2,2,2025-07-11T13:58:01.309Z,False,8000,7000,True,SELLABLESKU,False,Cold Drinks & Juices,Soda & Mixers,MILLILITRE,2800,MILLILITRE,6400,0df54b3f-11f6-4ada-b38a-9be38ea25eba,5620d543-1717-4ba0-913a-e16724976e02,3 Sisters Imli Chaska Soda,3 Sisters,India,Adhar Beverages Private Limited,,,41e3069d-f14f-4da7-ba6b-123201c6f29a,8000,250.0,,MILLILITRE,270,6,18 months,,2,False,False,4.4,354,TIER_2,1000.0,,
14/07/25 12:31:35,93bfa381-8f8e-55a7-8972-1c88e262ec68,93bfa381-8f8e-55a7-8972-1c88e262ec68,0ed3c6ae-9a69-4458-aac5-b6c3342c8954,24500,23,7500,2,2,2025-07-12T01:31:37.006Z,False,32000,24500,True,SELLABLESKU,False,Cold Drinks & Juices,Instant Drink Mixes,GRAM,3200,GRAM,22900,4d088b94-ba43-4bf0-a881-a573862aa0a1,81b70af5-f11f-4444-bf08-9e535b877e08,Rasna Mango Instant Powder Mix,Rasna,India,Rasna Private Limited,,,3b09e1da-6ac6-48dd-b644-16de94da1c6a,32000,750.0,750 g,GRAM,750,6,24 months,,2,True,False,5.0,58,TIER_2,7500.0,,
14/07/25 12:31:35,ae379082-53cd-4e6c-88bd-022a45c8f930,ae379082-53cd-4e6c-88bd-022a45c8f930,0ed3c6ae-9a69-4458-aac5-b6c3342c8954,27400,7,2100,2,2,2025-07-10T23:30:09.621Z,False,29500,27400,True,SELLABLESKU,False,Cold Drinks & Juices,Non-Alcoholic & Energy Drink,PIECE,1370,PIECE,27400,c6bba2b2-6b2d-4bd4-ae3d-adb6f9383393,e18255d2-bc1e-46a6-a455-2d449f24cb10,Fast&Up Reload Energy Drink Low Sugar Electrolyte - Mojito Flavour,Fast&up,India,Fast&Up,,,24664565-a53a-4c06-b3ec-b41fb8b64639,29500,20.0,1 pack (20 pcs),PIECE,20,6,24 months,,2,True,False,4.2,843,TIER_2,2100.0,,
14/07/25 12:31:35,c77ad7bf-a35e-401c-932f-a1e445dd1650,c77ad7bf-a35e-401c-932f-a1e445dd1650,0ed3c6ae-9a69-4458-aac5-b6c3342c8954,7500,0,0,5,5,2025-07-13T06:50:33.690Z,False,7500,7500,True,SELLABLESKU,False,Cold Drinks & Juices,Fruit Juices & Drinks,MILLILITRE,600,MILLILITRE,6100,c41e2ad3-2dcc-42b6-829b-7e3a8e78d754,68b3332c-42b0-4999-ae8e-df77ecadc12e,Frooti Mango Fruit Juice,Frooti,India,Parle Agro,,"Water, Mango Pulp, Sugar, Acidity Regulator (330), Antioxidant (300). Contains Permitted (Class Ii) Preservatives (211.202.224). Contains Added Permitted Synthetic Food Colour (110) And Nature Identical Flavouring Substances (Mango).",73a33d8f-45f6-4a11-82ca-f5880412bf91,7500,1200.0,1.2 L,MILLILITRE,1200,24,179 days,per 100 ml of productEnergy (kcal) - 65Carbohydrates (g) - 16.2�Natural Sugar (g) - 2.5Added sugar (g) - 13.3Fat (g) - 0Protein (g) - 0Calcium (mg) - 8Vit A (mcg) - 120,5,False,False,4.7,6680,,,,
14/07/25 12:31:35,9fda4159-34dc-5a98-bb7f-47181baeae55,9fda4159-34dc-5a98-bb7f-47181baeae55,0ed3c6ae-9a69-4458-aac5-b6c3342c8954,4500,0,0,1,1,2025-07-12T16:20:15.607Z,False,4500,4500,True,SELLABLESKU,False,Cold Drinks & Juices,Soda & Mixers,MILLILITRE,1800,MILLILITRE,4200,0df54b3f-11f6-4ada-b38a-9be38ea25eba,82f1b820-933f-4be1-9924-851b073f0722,Bombay 99 Club Soda,Bombay 99,India,Parle Agro Pvt Ltd,"Parle Agro Pvt Ltd, Plot No. 32-42, Adakanhalli Industrial Area, Nanjangud Taluk, Mysore -571302' Country of origin",Purified Water & Carbon dioxide.,4ea99e0c-280d-4933-bafb-c7cabbc5df5a,4500,250.0,250 ml,MILLILITRE,250,16,12 months,,1,False,False,3.9,88,,,,
14/07/25 12:31:35,6b037605-e246-4cb2-b996-1a421527a542,6b037605-e246-4cb2-b996-1a421527a542,0ed3c6ae-9a69-4458-aac5-b6c3342c8954,9200,7,700,4,4,2025-07-12T23:46:11.756Z,False,9900,9200,True,SELLABLESKU,False,Cold Drinks & Juices,Non-Alcoholic & Energy Drink,MILLILITRE,2700,MILLILITRE,8500,c6bba2b2-6b2d-4bd4-ae3d-adb6f9383393,dc293798-dcd4-40fc-b123-6e9436b9890d,Coolberg Strawberry Non Alcoholic Beer,Coolberg,India,Coolberg Beverages Pvt Ltd,"Universal Business Park, 406, A-Wing, Off, Saki Vihar Rd, Chandivali, Mumbai, Maharashtra 400072.","Carbonated Water, Sugar, Apple Juice Concentrate (1.40%), Barley Malt, Acidulant (INS 330), Herbs, Permitted Class II Preservatives (INS 211), Acidity Regulator (INS 331), Contains Permitted Natural Food Colour (INS 150d) And Added flavours (Natural, Nature Identical And Artificial Flavouring Substances- Strawberry)",6c088207-64aa-4078-bf87-2c3c7efeda9a,9900,330.0,330 ml,MILLILITRE,330,12,12 months,Energy- 49.33 KcalProtein- 0.64 gCarbohydrates- 11.67 gSugar- 11.11 gFat- 0.01 g,4,False,False,4.7,836,TIER_2,700.0,,
14/07/25 12:31:35,295027cd-d4ed-57e7-987a-0c662831fb7b,295027cd-d4ed-57e7-987a-0c662831fb7b,0ed3c6ae-9a69-4458-aac5-b6c3342c8954,24500,23,7500,2,2,2025-06-15T10:03:34.156Z,False,32000,24500,True,SELLABLESKU,False,Cold Drinks & Juices,Instant Drink Mixes,GRAM,3200,GRAM,22900,4d088b94-ba43-4bf0-a881-a573862aa0a1,f6f74925-3b12-4bb7-a14c-57b8e0010da3,Rasna Lemon Instant Powder Mix,Rasna,India,Rasna Private Limited,,,14ef2002-e96a-4f46-ac64-31548d47a464,32000,750.0,,GRAM,750,6,24 months,,2,True,False,4.5,807,TIER_2,7500.0,,
14/07/25 12:31:35,23246ad6-cb0a-4278-9518-abd9c4d066bd,23246ad6-cb0a-4278-9518-abd9c4d066bd,0ed3c6ae-9a69-4458-aac5-b6c3342c8954,3400,15,600,4,4,2025-07-13T15:49:36.755Z,False,4000,3400,True,SELLABLESKU,False,Cold Drinks & Juices,Milk Drinks,MILLILITRE,1800,MILLILITRE,3000,c5638eba-30c0-4a40-8c63-c9947fd22c16,44c753c3-6c26-4223-a039-c94e6c99aa1c,Hershey's Chocolate Milkshake,Hershey's,USA,The Hershey's Company,"Hershey India Pvt Ltd, Plot, No 5, New Industrial Area No. 1, Mandideep Dist, Raisen - 462046, Madhya Pradesh.",,88e09c4d-9227-43b4-81bf-6299d92a654a,4000,180.0,180 ml,MILLILITRE,180,12,9 months,,4,False,False,4.6,2160,TIER_2,600.0,,
14/07/25 12:31:35,ebe2d7ce-7c66-4307-8974-e5d16c915787,ebe2d7ce-7c66-4307-8974-e5d16c915787,0ed3c6ae-9a69-4458-aac5-b6c3342c8954,2200,12,300,8,8,2025-07-13T09:33:20.601Z,False,2500,2200,True,SELLABLESKU,False,Cold Drinks & Juices,Soft Drinks,MILLILITRE,600,MILLILITRE,2200,dff3658b-c351-4e7f-8196-e98d0c66d99e,a6ee8bfd-8f4d-42dd-9b53-5c66cd9b71ce,7UP Nimbooz Soft Drink,7UP Nimbooz,India,Varun Beverages Limited,"Varun Beverages Limited, Plot No. 31, Institutional Area, Sector - 44, Gurgaon - 122002, Haryana, India.","Water, Sugar, Concentrated Lemon Juice (0.7%), Acidity Regulators (331(Iii), 296, 330), Flavour (Natural Flavouring Substances), Iodised Salt, Stabilizer (445(Iii)), Preservative (202). Equivalent To 5% Lemon Juice (Reconstituted)""",5958fc48-7c79-46e4-a5f0-b752158eacab,2500,350.0,350 ml,MILLILITRE,250,8,120 days,"Serve Size: 200 ml; 1.8 servings in this pack 
  Per 100 ml % RDA Per Serve
 Energy 42 kcal 4%
 Protein 0 g 
 Carbohydrate 10.6 g 
 Total Sugars  10.6 g 
 Added Sugars  10.5 g 42%
Total Fat 0 g 0%
 Saturated Fat  0 g 0%
Trans Fat  0 g 0%
Sodium  65 mg 7%
^Approximate Values""",8,False,False,4.7,7831,TIER_2,300.0,,
14/07/25 12:31:35,c93d8c2c-2036-4756-85c2-7a22e6ac1527,c93d8c2c-2036-4756-85c2-7a22e6ac1527,0ed3c6ae-9a69-4458-aac5-b6c3342c8954,27600,8,2400,2,2,2025-07-07T12:11:02.583Z,False,30000,27600,True,SELLABLESKU,False,Cold Drinks & Juices,Vegan Drinks,LITER,2760,LITER,26200,dcfd1067-a597-4ef0-81d6-9a3d1b9a2891,ac931d8e-612a-425b-9cb4-7efea478e971,So Good Regular Oat Milk,So Good,India,LHF,,,cedaec19-a71a-4fd7-8a34-8af2e85591f6,30000,1.0,1 L,LITER,1,12,12 months,,2,True,False,4.4,71,TIER_2,2400.0,,
14/07/25 12:31:35,a670315b-39d8-409b-b0ef-5fc3a5adfda1,a670315b-39d8-409b-b0ef-5fc3a5adfda1,0ed3c6ae-9a69-4458-aac5-b6c3342c8954,9200,7,700,3,3,2025-07-07T00:26:59.312Z,False,9900,9200,True,SELLABLESKU,False,Cold Drinks & Juices,Non-Alcoholic & Energy Drink,MILLILITRE,2700,MILLILITRE,8500,c6bba2b2-6b2d-4bd4-ae3d-adb6f9383393,38d6bdf6-5984-4a89-9806-3fcaca94bf30,Coolberg Peach Non Alcoholic Beer,Coolberg,India,Coolberg Beverages Pvt Ltd,"Universal Business Park, 406, A-Wing, Off, Saki Vihar Rd, Chandivali, Mumbai, Maharashtra 400072.",,015d8c7b-5906-48fe-b0ee-66a142d22f31,9900,330.0,330 ml,MILLILITRE,330,12,12 months,,3,True,False,4.7,352,TIER_2,700.0,,
14/07/25 12:31:35,21383217-2c62-4d32-9ddf-9b78f7e7714b,21383217-2c62-4d32-9ddf-9b78f7e7714b,0ed3c6ae-9a69-4458-aac5-b6c3342c8954,4000,0,0,24,24,2025-07-13T12:53:17.885Z,False,4000,4000,True,SELLABLESKU,False,Cold Drinks & Juices,Fruit Juices & Drinks,MILLILITRE,600,MILLILITRE,3200,c41e2ad3-2dcc-42b6-829b-7e3a8e78d754,68b3332c-42b0-4999-ae8e-df77ecadc12e,Frooti Mango Fruit Juice,Frooti,India,Parle Agro,,"Water, Mango Pulp, Sugar, Acidity Regulator (330), Antioxidant (300). Contains Permitted (Class Ii) Preservatives (211.202.224). Contains Added Permitted Synthetic Food Colour (110) And Nature Identical Flavouring Substances (Mango).",5d31041f-31fd-47b0-b1a4-cb03a40c30f4,4000,600.0,600 ml,MILLILITRE,600,24,6 months,,24,False,False,4.7,6680,,,,
14/07/25 12:31:35,acdf8b5b-4762-5b0b-aa16-011660778134,acdf8b5b-4762-5b0b-aa16-011660778134,0ed3c6ae-9a69-4458-aac5-b6c3342c8954,8500,14,1400,3,3,2025-07-12T17:28:33.090Z,False,9900,8500,True,SELLABLESKU,False,Cold Drinks & Juices,Non-Alcoholic & Energy Drink,MILLILITRE,2500,MILLILITRE,8000,c6bba2b2-6b2d-4bd4-ae3d-adb6f9383393,bc433c4c-6468-411a-bfd9-c2146d7993d2,Coolberg Mint Non Alcoholic Beer,Coolberg,India,,,,c73a5c08-03bb-4182-90a3-9b7f098fb130,9900,330.0,330 ml,MILLILITRE,600,6,12 months,,3,False,False,4.7,207,TIER_2,1400.0,,
14/07/25 12:31:35,53ea2bdb-37b7-446c-a6d0-807cd0513751,53ea2bdb-37b7-446c-a6d0-807cd0513751,0ed3c6ae-9a69-4458-aac5-b6c3342c8954,7500,0,0,12,12,2025-07-14T01:27:08.086Z,False,7500,7500,True,SELLABLESKU,False,Cold Drinks & Juices,Water,LITER,150,LITER,7500,b783925b-6b57-4750-99f6-01ea5145ec5e,0d579560-8fd3-4708-88b0-7ef5245ff0c9,Bisleri Packaged Drinking Water,Bisleri,India,BISLERI INTERNATIONAL PVT LTD,"BISLERI INTERNATIONAL PVT LTD, 29/33, UDAYAGIRI VILLAGE, DEVANAHALLI, BANGALORE-562110.",,02301ce1-e2ee-45f5-8761-39dfe0cc68f9,7500,5.0,5 L,LITER,5000,12,6 months,Typical value per 100 ml of product.Potassium (mg) - 0.1Magnesium (mg) - 0.2,12,False,False,4.7,3337,,,,
14/07/25 12:31:35,8c027ead-426f-479e-88b5-00adc84c6899,8c027ead-426f-479e-88b5-00adc84c6899,0ed3c6ae-9a69-4458-aac5-b6c3342c8954,9300,6,600,2,2,2025-07-11T16:02:58.945Z,False,9900,9300,True,SELLABLESKU,False,Cold Drinks & Juices,Non-Alcoholic & Energy Drink,MILLILITRE,2800,MILLILITRE,8600,c6bba2b2-6b2d-4bd4-ae3d-adb6f9383393,a979a8bc-3595-45b4-888c-98052c6bd3c7,3 Sisters Cranberry Non Alcoholic Beer,3 Sisters,India,,,,40b9a67f-05ac-4882-a9f7-74a18d95eb06,9900,330.0,,MILLILITRE,600,6,12 months,,2,False,False,4.4,449,TIER_2,600.0,,
14/07/25 12:31:35,759842ab-2e5e-4eaf-9cd0-414cf5b2f80c,759842ab-2e5e-4eaf-9cd0-414cf5b2f80c,0ed3c6ae-9a69-4458-aac5-b6c3342c8954,27700,14,4800,1,1,2025-07-12T23:21:03.189Z,False,32500,27700,True,SELLABLESKU,False,Cold Drinks & Juices,Vegan Drinks,LITER,2770,LITER,27600,dcfd1067-a597-4ef0-81d6-9a3d1b9a2891,c9938583-baa6-4d52-84cb-382e7f6f9d04,So Good Barista Oat Beverage,So Good,India,LHF,,,33833e18-df7a-46d4-bd41-32abd6a71f16,32500,1.0,1 L,LITER,1000,6,12 months,,1,True,False,4.5,616,TIER_2,4800.0,,
14/07/25 12:31:35,8395089d-9fb6-4444-bd51-216346d42120,8395089d-9fb6-4444-bd51-216346d42120,0ed3c6ae-9a69-4458-aac5-b6c3342c8954,66000,0,0,3,3,2025-07-13T14:03:28.728Z,False,66000,66000,True,SELLABLESKU,False,Cold Drinks & Juices,Soda & Mixers,MILLILITRE,20000,MILLILITRE,47500,0df54b3f-11f6-4ada-b38a-9be38ea25eba,b8cbee0e-6759-48a7-a6b3-f7d84ceb0096,Perrier Natural Sparkling Water,Perrier,France,,,,3ad14843-0d8d-406d-ba61-3f7ddb1af331,66000,330.0,4 x 330 ml,MILLILITRE,1320,6,36 months,,3,True,False,5.0,52,,,,
14/07/25 12:31:35,faf2809d-f71b-5254-8437-d820de96ba40,faf2809d-f71b-5254-8437-d820de96ba40,0ed3c6ae-9a69-4458-aac5-b6c3342c8954,9900,0,0,2,2,2025-07-09T08:16:31.811Z,False,9900,9900,True,SELLABLESKU,False,Cold Drinks & Juices,Instant Drink Mixes,MILLILITRE,3000,MILLILITRE,9400,4d088b94-ba43-4bf0-a881-a573862aa0a1,98cc8680-43a1-47d3-8d58-6f870cf51e88,Mapro Strawberry Fruit Crush,Mapro,India,,,,f5a6598e-7c4d-4b92-bf53-50c611cd05a0,9900,330.0,330 ml,MILLILITRE,330,6,12 months,,2,True,False,4.6,303,,,,
14/07/25 12:31:35,5d32eaf6-64e6-4fa8-8c86-c0a394b574c5,5d32eaf6-64e6-4fa8-8c86-c0a394b574c5,0ed3c6ae-9a69-4458-aac5-b6c3342c8954,3500,12,500,6,6,2025-07-12T11:41:01.902Z,False,4000,3500,True,SELLABLESKU,False,Cold Drinks & Juices,Milk Drinks,MILLILITRE,1900,MILLILITRE,3300,c5638eba-30c0-4a40-8c63-c9947fd22c16,c6e2b7d7-146e-4303-a393-f33aa183bca5,Hershey's Cookies and Cream Milkshake,Hershey's,USA,The Hershey's Company,"Hershey India Private Limited, Plot No. 5, New Industrial Area No. 1, Mandideep, Dist Raisen 462046, MP, India",,92461036-68ef-4af6-ae40-77836b4da717,4000,180.0,180 ml,MILLILITRE,180,12,9 months,,6,False,False,4.4,858,TIER_2,500.0,,
14/07/25 12:31:35,057d52e4-a0a5-48a3-90f4-a8336576a697,057d52e4-a0a5-48a3-90f4-a8336576a697,0ed3c6ae-9a69-4458-aac5-b6c3342c8954,3000,0,0,12,12,2025-07-13T22:37:31.030Z,False,3000,3000,True,SELLABLESKU,False,Cold Drinks & Juices,Water,LITER,150,LITER,3000,b783925b-6b57-4750-99f6-01ea5145ec5e,6399053f-7bde-4fd2-b1f1-76df91853fdd,Bisleri Packaged Drinking Water,Bisleri,India,BISLERI INTERNATIONAL PVT LTD,"BISLERI INTERNATIONAL PVT LTD, 29/33, UDAYAGIRI VILLAGE, DEVANAHALLI, BANGALORE-562110.",,d565b64e-9cc5-4b0d-9189-35129776abdb,3000,2.0,2 l,LITER,2,12,6 months,Typical value per 100 ml of product.Potassium (mg) - 0.1Magnesium (mg) - 0.2,12,False,False,4.8,7137,,,,
14/07/25 12:31:35,03a0dbcf-2ab6-4305-84a8-e576c37b8728,03a0dbcf-2ab6-4305-84a8-e576c37b8728,0ed3c6ae-9a69-4458-aac5-b6c3342c8954,27700,14,4800,4,4,2025-07-12T04:35:36.745Z,False,32500,27700,True,SELLABLESKU,False,Cold Drinks & Juices,Vegan Drinks,LITER,2770,LITER,19500,dcfd1067-a597-4ef0-81d6-9a3d1b9a2891,44cae3b5-1e38-4a08-9d13-f39fff737826,Epigamia Almond Milk,Epigamia,India,Drums Food International Pvt Ltd,"Drums Food International Pvt Ltd, The Centrium, Office No 2 ( Unit 302) , Phoenix Marketcity , LBS Marg, Kurla West, Mumbai 400070.",,6312bdca-1472-4df2-ae61-32e235e41ec6,32500,1.0,1 L,LITER,1,12,9 months,,4,True,False,4.7,511,TIER_2,4800.0,,
14/07/25 12:31:35,bf0ab63a-09ae-511f-8747-3eb22a3730fa,bf0ab63a-09ae-511f-8747-3eb22a3730fa,0ed3c6ae-9a69-4458-aac5-b6c3342c8954,19800,0,0,2,2,2025-07-10T18:32:44.110Z,False,19800,19800,True,SELLABLESKU,False,Cold Drinks & Juices,Instant Drink Mixes,MILLILITRE,2600,MILLILITRE,18800,4d088b94-ba43-4bf0-a881-a573862aa0a1,bdeeb136-c44c-4fbb-a48c-713834a5d87b,Mapro Strawberry Fruit Crush,Mapro,India,,,,0a7cadba-08b4-48e5-97f3-1a263b7b34de,19800,750.0,750 ml,MILLILITRE,750,6,12 months,,2,True,False,4.2,593,,,,
14/07/25 12:31:35,e2268e4b-824e-4d9e-bcb7-4e5a59537e70,e2268e4b-824e-4d9e-bcb7-4e5a59537e70,0ed3c6ae-9a69-4458-aac5-b6c3342c8954,3600,10,400,5,5,2025-07-13T12:29:54.632Z,False,4000,3600,True,SELLABLESKU,False,Cold Drinks & Juices,Milk Drinks,MILLILITRE,2000,MILLILITRE,3400,c5638eba-30c0-4a40-8c63-c9947fd22c16,4fd9f646-a508-4343-bb65-6def1bb1a945,Epigamia Chocolate Milkshake,Epigamia,India,Drums Food International Pvt Ltd,"Drums Food International Pvt Ltd, The Centrium, Office No 2 ( Unit 302) , Phoenix Marketcity , LBS Marg, Kurla West, Mumbai 400070.","Fortified Toned Milk (73.4%) [Milk, Milk Solids, Vitamin A&D], Water, Sugar, Milk Solids, Cocoa Powder (115%), Emulsifier & Stabilizer (INS 471, INS 407, INS 412), Acidity Regulator [INS 339 (ii)], Flavour (Nature Identical Flavouring substances), Iodized Salt.",88f70d00-4561-4232-8bc7-e0331d189055,4000,180.0,180 ml,MILLILITRE,180,16,9 months,"Per 100 ml :-Energy 103 Kcal,Protein 3 g,Carbohydrate 15.5 g,Total Sugars 15.5 g,Added Sugars 11 g,Total Fat 3.2 g,Saturated Fat 2 g,Trans Fat 0.1 g,Cholesterol 10.1 mg,Vitamin A 66.9 mcg,VitaminD 0.60 mcg,Calcium 100 mg,Sodium 50 mg.",5,False,False,4.6,1544,TIER_2,400.0,,
14/07/25 12:31:35,10ad5afb-19d5-459a-acac-76d546d95772,10ad5afb-19d5-459a-acac-76d546d95772,0ed3c6ae-9a69-4458-aac5-b6c3342c8954,4000,0,0,2,2,2025-07-13T16:11:45.864Z,False,4000,4000,True,SELLABLESKU,False,Cold Drinks & Juices,Soft Drinks,MILLILITRE,600,MILLILITRE,3800,dff3658b-c351-4e7f-8196-e98d0c66d99e,f5e2a467-d8d2-4b7a-82b8-6169d19f2fb8,Appy Fizz Apple Soft Drink | Pet,Appy,India,Parle Agro Pvt Ltd,"Parle Agro Pvt Ltd, Plot No; 32 to 46 & 54 to 63, Adakanahalli Industrial Area, Nanjangud taluk, Mysore District - 571302.","Water, Reconstituted Apple Juice, Sugar, CO2, Acidity Regulators, Antioxidant.",6a99c24e-d8f2-4f51-8aef-8282ffc69dca,4000,600.0,600 ml,MILLILITRE,600,12,120 days,Typical value per 100 ml of product.Energy (kcal) - 54Carbohydrates (g) - 13.6 -Natural Sugar (g) - 1.3 -Sugar (g) - 12.3Fat (g) - 0Protein (g) - 0,2,False,False,4.7,4085,,,,
14/07/25 12:31:35,6016911d-1a8d-41c0-8b4f-b900e2302bfb,6016911d-1a8d-41c0-8b4f-b900e2302bfb,0ed3c6ae-9a69-4458-aac5-b6c3342c8954,8700,37,5300,1,1,2025-07-07T20:25:45.332Z,False,14000,8700,True,SELLABLESKU,False,Cold Drinks & Juices,Fruit Juices & Drinks,LITER,870,LITER,8300,c41e2ad3-2dcc-42b6-829b-7e3a8e78d754,bc5b9f2e-757d-44ec-8f0d-a85862f9dd80,B Natural Apple Fruit Juice,B Natural,India,ITC Limited,"ITC Limited, 37, J.L. Nehru Road, Kolkata- 700071.","Water, Apple Juice, Concentrate 17.6%",30cb5331-30f9-42f7-8b1d-ce61e01c4369,14000,1.0,1 L,LITER,1000,6,9 months,per 100 ml of product.Energy (kcal) - 54 Protein (g) - 0 Carbohydrates (g) - 13.5 Natural Sugar - 1.5 Added Sugar (g) - 12 Fat (g) - 0 Vit C (mg) - 17,1,False,False,4.4,177,TIER_2,5300.0,,
14/07/25 12:31:35,1c531bf3-6987-5fee-9e16-626c22280284,1c531bf3-6987-5fee-9e16-626c22280284,0ed3c6ae-9a69-4458-aac5-b6c3342c8954,12000,20,3000,2,2,2025-07-11T13:54:33.826Z,False,15000,12000,True,SELLABLESKU,False,Cold Drinks & Juices,Milk Drinks,MILLILITRE,4000,MILLILITRE,11000,c5638eba-30c0-4a40-8c63-c9947fd22c16,ce773cc3-4d44-4f63-8eed-c5eb19679db8,Maiva Pro Coffee 20g Plant Protein 20 Multivitamin Shake,Maiva Fresh,India,Armaara Innoventures Pvt. Ltd.,,,04a5dce2-b983-425c-8383-3d71f92f3763,15000,300.0,,MILLILITRE,300,6,180 days,,2,False,False,4.6,288,TIER_2,3000.0,,
14/07/25 12:31:35,02f72153-1ec1-42c5-b1e2-5f7b885190a6,02f72153-1ec1-42c5-b1e2-5f7b885190a6,0ed3c6ae-9a69-4458-aac5-b6c3342c8954,3500,12,500,2,2,2025-07-11T15:58:05.768Z,False,4000,3500,True,SELLABLESKU,False,Cold Drinks & Juices,Milk Drinks,MILLILITRE,1900,MILLILITRE,3400,c5638eba-30c0-4a40-8c63-c9947fd22c16,f46e60af-448c-42c2-ba27-39429ea64394,Hershey's Vanilla Milkshake,Hershey's,USA,The Hershey's Company,"HERSHEY INDIA PVT. LTD., SCHINDLER HOUSE, HIRANANDANI GARDENS, POWAI, MUMBAI- 400076.","Water, Sugar, Milk Solids (8%), Emulsifier (460(i), 466, 471, 407), Mineral (Calcium Carbonate), Sequestrant (339(ii)), Mineral (Zinc Sulphate), Vitamin E (Acetate), Vitamin A (Acetate), Vitamin D2 (Ergocalciferol), Vitamin B1 (Thiamine Chloride Hydrochloride) and Vitamin B2 (Riboflavin) and Edible Common Salt.",15b5921f-f2b6-49b2-9d5e-ae1a8d22583a,4000,180.0,180 ml,MILLILITRE,180,8,9 months,"Energy 155.6 Kcal,Protein - 3.6g,Carbohydrates -28.54g,Sugar 21,24g,Fat 3g,Calcium - 324mg",2,False,False,4.5,558,TIER_2,500.0,,
14/07/25 12:31:35,6ad4732b-003c-4c46-a902-2db5656f21b4,6ad4732b-003c-4c46-a902-2db5656f21b4,0ed3c6ae-9a69-4458-aac5-b6c3342c8954,9400,5,500,12,12,2025-07-13T06:29:14.771Z,False,9900,9400,True,SELLABLESKU,False,Cold Drinks & Juices,Soft Drinks,LITER,470,LITER,7300,dff3658b-c351-4e7f-8196-e98d0c66d99e,e358d59a-f7dd-4d43-83a8-a48b8ebbafa0,Pepsi Soft Drink,Pepsi,India,Varun Beverages Limited,"Varun Beverages Limited, Plot No. 31, Institutional Area, Sector - 44, Gurgaon - 122002, Haryana, India.",,82675cec-f35e-4f33-86c9-39d6b0b94f39,9900,2.25,2.25 L,LITER,2250,24,120 days,,12,False,False,4.7,10488,TIER_2,500.0,,
14/07/25 12:31:35,05cadf20-eeb6-458d-a7e4-ebc7e35bcc88,05cadf20-eeb6-458d-a7e4-ebc7e35bcc88,0ed3c6ae-9a69-4458-aac5-b6c3342c8954,2000,0,0,24,24,2025-07-13T22:39:51.233Z,False,2000,2000,True,SELLABLESKU,False,Cold Drinks & Juices,Water,LITER,200,LITER,2000,b783925b-6b57-4750-99f6-01ea5145ec5e,6399053f-7bde-4fd2-b1f1-76df91853fdd,Bisleri Packaged Drinking Water,Bisleri,India,BISLERI INTERNATIONAL PVT LTD,"BISLERI INTERNATIONAL PVT LTD, 29/33, UDAYAGIRI VILLAGE, DEVANAHALLI, BANGALORE-562110.",,569a128f-b7e7-419f-9dfd-01909d78c0ea,2000,1.0,1 L,LITER,1000,24,6 months,Typical value per 100 ml of product.Potassium (mg) - 0.1Magnesium (mg) - 0.2,24,False,False,4.8,7137,,,,
14/07/25 12:31:35,7fb0d1cc-4cf5-43cb-92d6-05fbc96d8a6b,7fb0d1cc-4cf5-43cb-92d6-05fbc96d8a6b,0ed3c6ae-9a69-4458-aac5-b6c3342c8954,7700,9,800,12,12,2025-07-13T09:27:57.386Z,False,8500,7700,True,SELLABLESKU,False,Cold Drinks & Juices,Vegan Drinks,MILLILITRE,3800,MILLILITRE,7300,dcfd1067-a597-4ef0-81d6-9a3d1b9a2891,438421fd-75e4-4f17-8bfa-644cead28750,Dabur Hommade Organic Coconut Milk,Dabur Hommade,India,Dabur India Limited,"Dabur India Limited, Plot No-22, Site 4, Sahibabad, Sahibabad Industrial Area, Sahibabad Industrial Area, Ghaziabad, Uttar Pradesh.",,9687009f-7d47-4cd0-8b2e-6512e9730427,8500,200.0,200 ml,MILLILITRE,200,12,9 months,,12,False,False,4.7,625,TIER_2,800.0,,
14/07/25 12:31:35,8f728ced-5283-4d01-a349-663187cfa165,8f728ced-5283-4d01-a349-663187cfa165,0ed3c6ae-9a69-4458-aac5-b6c3342c8954,3500,12,500,2,2,2025-07-09T09:49:50.616Z,False,4000,3500,True,SELLABLESKU,False,Cold Drinks & Juices,Milk Drinks,MILLILITRE,1900,MILLILITRE,3300,c5638eba-30c0-4a40-8c63-c9947fd22c16,6a77a4b6-b891-48f1-9c3c-06d9fcff50a1,Hershey's Milkshake Cashew Butterscotch Ice Cream Flavor,Hershey's,India,?Makson Pharmaceutical (I) Pvt. Ltd.,,,9bf072a0-b990-467c-9c2b-90a2c74d40a7,4000,180.0,180 ml,MILLILITRE,180,6,9 months,,2,False,False,4.5,618,TIER_2,500.0,,
14/07/25 12:31:35,fa172295-b259-4fdc-9852-0938e7f2008c,fa172295-b259-4fdc-9852-0938e7f2008c,0ed3c6ae-9a69-4458-aac5-b6c3342c8954,3600,10,400,2,2,2025-07-07T23:57:42.652Z,False,4000,3600,True,SELLABLESKU,False,Cold Drinks & Juices,Milk Drinks,MILLILITRE,2000,MILLILITRE,3400,c5638eba-30c0-4a40-8c63-c9947fd22c16,88f320d1-761a-4b0e-be92-61e9733b41d5,Hershey's Coffee Mocha Flavoured Milkshake,Hershey's,India,?Makson Pharmaceutical (I) Pvt. Ltd.,,,b4d48bc1-1760-44de-afa9-402cad1ceb25,4000,180.0,180 ml ,MILLILITRE,180,6,9 months,,2,False,False,4.4,272,TIER_2,400.0,,
14/07/25 12:31:36,0e27545e-22be-5387-bbcc-7b70abf7cb7a,0e27545e-22be-5387-bbcc-7b70abf7cb7a,0ed3c6ae-9a69-4458-aac5-b6c3342c8954,23900,0,100,2,2,2025-07-11T14:04:54.890Z,False,24000,23900,True,SELLABLESKU,False,Cold Drinks & Juices,Soft Drinks,LITER,2390,LITER,22500,dff3658b-c351-4e7f-8196-e98d0c66d99e,55923320-a5c2-4855-9e33-4d1099417615,Pepsi Zero Sugar Soft Drink,Pepsi,India,VBL,,,c5985184-abcb-4cf1-93a6-f4f55bcb7bef,24000,1.9,6 x 330 ml,LITER,1980,6,9 months,,2,True,False,4.3,504,TIER_2,100.0,,
14/07/25 12:31:36,f2545f10-4247-438c-9187-e075d9569761,f2545f10-4247-438c-9187-e075d9569761,0ed3c6ae-9a69-4458-aac5-b6c3342c8954,25500,15,4500,2,2,2025-06-24T21:30:20.949Z,False,30000,25500,True,SELLABLESKU,False,Cold Drinks & Juices,Vegan Drinks,LITER,2550,LITER,25300,dcfd1067-a597-4ef0-81d6-9a3d1b9a2891,08d19365-3d26-4297-b506-8cc402e4c295,So Good Caramel Oat Drink,So Good,India,??Schreiber Dynamix Dairies Private Limited,,,777a0427-44bc-4309-a077-5bb129715f3e,30000,1.0,1 L,LITER,1000,6,12 months,,2,True,False,4.9,57,TIER_2,4500.0,,
14/07/25 12:31:36,4128dea8-15b9-47bc-8bc1-41ee374c8425,4128dea8-15b9-47bc-8bc1-41ee374c8425,0ed3c6ae-9a69-4458-aac5-b6c3342c8954,39000,34,20900,1,1,2025-07-11T13:57:58.915Z,False,59900,39000,True,SELLABLESKU,False,Cold Drinks & Juices,Soda & Mixers,LITER,3900,LITER,38100,0df54b3f-11f6-4ada-b38a-9be38ea25eba,7e5df1ba-6cac-4a96-abd4-be3bb92ef730,Jimmy's Cocktails Assorted Flavoured Sparkling Water,Jimmy's Cocktails,India,Radiohead Brand Private Limited,,,5e4f72af-a941-4300-b15d-ca7d10095713,59900,1.5,1.5 L,LITER,1500,6,12 months,,1,True,False,4.3,324,TIER_2,20900.0,,
14/07/25 12:31:36,fd6aa39f-b156-48fe-9768-d7a4660a9611,fd6aa39f-b156-48fe-9768-d7a4660a9611,0ed3c6ae-9a69-4458-aac5-b6c3342c8954,27000,0,0,1,1,2025-06-29T09:11:19.424Z,False,27000,27000,True,SELLABLESKU,False,Cold Drinks & Juices,Instant Drink Mixes,LITER,2700,LITER,25600,4d088b94-ba43-4bf0-a881-a573862aa0a1,3690d132-33cd-4a87-af6d-a8961e4b8068,Mapro Rose Sharbat,Mapro,India,Mapro Food Pvt. Ltd,"Mapro Food Pvt. Ltd, 122, Shendurjane, Wai 412803.","Sugar, Water, Extract Of (khus R001, Black Raisin, Rose Petals, Oki, Kevoa, Cardamom, Orange Juke, Lemon Juice, Chandan) (11%)Acidity Regulator.",2350e43e-a3b8-4f09-9cbe-7d4fc18ea889,27000,1.0,1 L,LITER,1,12,18 months,"Per 100 g:-Energy 352.00 kcal,Total Sugar 91.00 g,Carbohydrate 91.00 g,Fat 00.01 g,Protein 00.02 g",1,True,False,4.8,92,,,,
14/07/25 12:31:36,5da64a10-508b-4244-a5f2-08fbeddbc004,5da64a10-508b-4244-a5f2-08fbeddbc004,0ed3c6ae-9a69-4458-aac5-b6c3342c8954,3600,10,400,6,6,2025-07-12T12:48:30.807Z,False,4000,3600,True,SELLABLESKU,False,Cold Drinks & Juices,Milk Drinks,MILLILITRE,2000,MILLILITRE,3400,c5638eba-30c0-4a40-8c63-c9947fd22c16,52e8e5c2-d822-441f-8254-a4fca42e96fe,Epigamia Strawberry Milkshake,Epigamia,India,Drums Food International Pvt Ltd,"Drums Food International Pvt Ltd, The Centrium, Office No 2 ( Unit 302) , Phoenix Marketcity , LBS Marg, Kurla West, Mumbai 400070.","Fortified Toned Milk (83%) [Milk, Milk Solids, Vitamin A&D], Water, Sugar, Milk Solids, Emulsifier & Stabilizer (INS 471, INS 407, INS 412, INS 415), Flavour (Natural Flavouring substances), Acidity Regulator [INS 339 (iii)], Colour [INS 127].",569b245f-5204-4ace-b995-a48ca38f0712,4000,180.0,180 ml,MILLILITRE,180,12,9 months,"Per 100 ml :-Energy 106 Kcal,Protein 3 g,Carbohydrate 14.5 g,Total Sugars 14.5 g,Added Sugars 9.5 g,Total Fat 4.0 g,Saturated Fat 2.5 g,Trans Fat 0.1 g,Cholesterol 12.6 mg,Vitamin A 71 mcg,VitaminD 0.65 mcg,Calcium 100 mg,Sodium 50 mg.",6,False,False,4.4,529,TIER_2,400.0,,
14/07/25 12:31:36,16d778d3-e672-48c3-a500-fff6e350befe,16d778d3-e672-48c3-a500-fff6e350befe,0ed3c6ae-9a69-4458-aac5-b6c3342c8954,5000,0,0,4,4,2025-07-10T04:21:13.418Z,False,5000,5000,True,SELLABLESKU,False,Cold Drinks & Juices,Instant Drink Mixes,GRAM,5000,GRAM,4600,4d088b94-ba43-4bf0-a881-a573862aa0a1,a86bdc26-7601-4290-8519-ef68017c488e,Del Monte Chocolate Syrup,Del Monte,India,"Del Monte Foods, Inc.",,,04008871-b981-405e-8c2c-fbe468ea21be,5000,100.0,,GRAM,100,6,13 months,,4,False,False,4.3,129,,,,
14/07/25 12:31:36,f161b6f1-7050-4e28-8452-67a91c900361,f161b6f1-7050-4e28-8452-67a91c900361,0ed3c6ae-9a69-4458-aac5-b6c3342c8954,24500,2,500,4,4,2025-07-10T23:46:34.227Z,False,25000,24500,True,SELLABLESKU,False,Cold Drinks & Juices,Vegan Drinks,LITER,2450,LITER,24500,dcfd1067-a597-4ef0-81d6-9a3d1b9a2891,2f5c0c5e-9d33-482c-992a-583234bd1210,Urban Platter Almond Beverage,Urban Platter,BHUTAN,,,,e8f42f9e-d316-414a-bc9b-e8080e6661ca,25000,1.0,1 L,LITER,1000,6,12 months,,4,True,False,4.8,69,TIER_2,500.0,,
14/07/25 12:31:36,94709a94-d342-47bd-9452-b19212931ec8,94709a94-d342-47bd-9452-b19212931ec8,0ed3c6ae-9a69-4458-aac5-b6c3342c8954,19900,44,16100,2,2,2025-07-10T03:35:05.036Z,False,36000,19900,True,SELLABLESKU,False,Cold Drinks & Juices,Water,LITER,995,LITER,19900,b783925b-6b57-4750-99f6-01ea5145ec5e,553504c5-ff73-4c26-bc7e-812dd26b391c,Booster Water Alkaline Mineral Water,Booster Water,India,,,,66d14e3f-24b4-4cac-9631-d0b2cf6b8cc3,36000,2.0,4 x 500 ml,LITER,2000,6,9 months,,2,True,False,4.6,51,TIER_2,16100.0,,
14/07/25 12:31:36,b9f03663-6a38-50c0-a11e-47c7fc35080b,b9f03663-6a38-50c0-a11e-47c7fc35080b,0ed3c6ae-9a69-4458-aac5-b6c3342c8954,9200,7,700,2,2,2025-07-12T17:28:33.081Z,False,9900,9200,True,SELLABLESKU,False,Cold Drinks & Juices,Non-Alcoholic & Energy Drink,MILLILITRE,2700,MILLILITRE,8500,c6bba2b2-6b2d-4bd4-ae3d-adb6f9383393,b78c829b-f6bf-4225-a064-8a15fec3d04c,Coolberg Malt Non Alcoholic Beer,Coolberg,India,Coolberg Beverages Pvt Ltd,"Universal Business Park, 406, A-Wing, Off, Saki Vihar Rd, Chandivali, Mumbai, Maharashtra 400072.",,f682fd5d-70cd-4a42-890f-66d68361d2e8,9900,330.0,330 ml,MILLILITRE,330,12,12 months,,2,False,False,5.0,56,TIER_2,700.0,,
14/07/25 12:31:36,db9e3e5c-15a9-473e-87f5-c388056c282a,db9e3e5c-15a9-473e-87f5-c388056c282a,0ed3c6ae-9a69-4458-aac5-b6c3342c8954,9900,29,4100,1,1,2025-07-13T11:37:02.241Z,False,14000,9900,True,SELLABLESKU,False,Cold Drinks & Juices,Fruit Juices & Drinks,LITER,990,LITER,9300,c41e2ad3-2dcc-42b6-829b-7e3a8e78d754,14c5ab36-38cc-49e4-929f-10677d1034d6,B Natural Litchi Fruit Juice,B Natural,India,ITC Limited,"ITC Limited, 37, J.L. Nehru Road, Kolkata- 700071.","Water, Blended Lychee Pulp (25%), Sugar, Citric Acid, (E330), Stabilizer (E440) And Vitamin C (E300)",25372888-b075-4a06-92a8-97c1eeefe7a5,14000,1.0,1 L,LITER,1000,6,9 months,per 100 ml of product.Energy (kcal) - 55Carbohydrates (g) - 13.6�Natural Sugar - 2.1�Added Sugar (g) - 11.5Fat (g) - 0Protein (g) - 0.1Vit C (mg) - 12.8,1,False,False,4.3,393,TIER_2,4100.0,,
14/07/25 12:31:36,8395715f-fa33-4cd6-891c-9f129c7e5a1e,8395715f-fa33-4cd6-891c-9f129c7e5a1e,0ed3c6ae-9a69-4458-aac5-b6c3342c8954,6800,2,200,4,4,2025-07-12T15:18:49.783Z,False,7000,6800,True,SELLABLESKU,False,Cold Drinks & Juices,Water,MILLILITRE,1300,MILLILITRE,6700,b783925b-6b57-4750-99f6-01ea5145ec5e,5fc396c4-61ff-451d-9e33-ddf7b9085c5d,O'cean Beverages Peach and Passion Water,O'cean Beverages,,O'Cean Beverages,,,485fe906-4d45-4743-855e-95ff10faf503,7000,500.0,500 ml,MILLILITRE,500,12,12 months,,4,False,False,4.8,863,TIER_2,200.0,,
14/07/25 12:31:36,33d5449b-722c-5edf-b7af-f8efc4945757,33d5449b-722c-5edf-b7af-f8efc4945757,0ed3c6ae-9a69-4458-aac5-b6c3342c8954,6800,0,0,1,1,2025-07-11T15:57:45.739Z,False,6800,6800,True,SELLABLESKU,False,Cold Drinks & Juices,Soft Drinks,LITER,680,LITER,6600,dff3658b-c351-4e7f-8196-e98d0c66d99e,e358d59a-f7dd-4d43-83a8-a48b8ebbafa0,Pepsi Soft Drink,Pepsi,India,Varun Beverages Limited,"Varun Beverages Limited, Plot No. 31, Institutional Area, Sector - 44, Gurgaon - 122002, Haryana, India.",,1c60f3ae-3cd2-4ed5-9451-98bdd8c4d4d4,6800,1.25,1.25 L,LITER,1250,24,120 days,,1,False,False,4.7,10488,,,,
14/07/25 12:31:36,28cb5fcf-bd72-4248-a171-9aa893411042,28cb5fcf-bd72-4248-a171-9aa893411042,0ed3c6ae-9a69-4458-aac5-b6c3342c8954,15000,0,0,2,2,2025-07-13T09:10:12.956Z,False,15000,15000,True,SELLABLESKU,False,Cold Drinks & Juices,Vegan Drinks,LITER,1500,LITER,13700,dcfd1067-a597-4ef0-81d6-9a3d1b9a2891,639bab5d-d52c-4eb1-9c93-a9d4427ed35d,So Good Plant Based Soy Milk,So Good,India,Life Health Foods India Pvt. Ltd,"213, Atlanta Estate, Dr. Ambedkar Chowk, Off, W.E Highway, Goregaon (E), Mumbai, Maharashtra","Water,Soy Protein Isolate, Vitamins",753485de-4ab0-442f-9685-c7f2990b3df5,15000,1.0,1 L,LITER,1000,12,9 months,,2,False,False,4.2,117,,,,
14/07/25 12:31:36,0ee662fb-c4d9-4ac5-aca7-ac0d2bcd82b1,0ee662fb-c4d9-4ac5-aca7-ac0d2bcd82b1,0ed3c6ae-9a69-4458-aac5-b6c3342c8954,42500,0,0,2,2,2025-06-19T07:18:23.502Z,False,42500,42500,True,SELLABLESKU,False,Cold Drinks & Juices,Soda & Mixers,MILLILITRE,17000,MILLILITRE,40000,0df54b3f-11f6-4ada-b38a-9be38ea25eba,58cc0b69-1f7e-49a2-87cb-d931609b1bdf,Monin Mojito Mint Syrup for Cocktails | Mocktails Mixers,Monin,Malaysia,Monin Asia KL Sdn. Bhd.,"Monin Asia KL Sdn. Bhd., Malaysia",,2995e63c-9e66-471e-80e1-4ccc7813dc18,42500,250.0,250 ml,MILLILITRE,250,8,36 months,,2,True,False,5.0,55,,,,
14/07/25 12:31:36,e89b2925-1868-5801-9d15-02f5743c2d4a,e89b2925-1868-5801-9d15-02f5743c2d4a,0ed3c6ae-9a69-4458-aac5-b6c3342c8954,24500,23,7500,2,2,2025-07-01T08:53:59.811Z,False,32000,24500,True,SELLABLESKU,False,Cold Drinks & Juices,Instant Drink Mixes,GRAM,3200,GRAM,22900,4d088b94-ba43-4bf0-a881-a573862aa0a1,6ca3880e-d373-48c9-aebe-8d6d5206fa3e,Rasna Orange Instant Drink Mix,Rasna,India,Rasna Private Limited,,,ef9ec6fd-2e89-489a-bce3-c6a02d677141,32000,750.0,,GRAM,750,6,24 months,,2,True,False,4.6,84,TIER_2,7500.0,,
14/07/25 12:31:36,a8197685-57fd-51a4-a9f5-4a83f31bd38f,a8197685-57fd-51a4-a9f5-4a83f31bd38f,0ed3c6ae-9a69-4458-aac5-b6c3342c8954,2000,0,0,1,1,2025-07-13T23:37:55.175Z,False,2000,2000,True,SELLABLESKU,False,Cold Drinks & Juices,Soft Drinks,MILLILITRE,800,MILLILITRE,1900,dff3658b-c351-4e7f-8196-e98d0c66d99e,a0a0c81d-32a6-4cc3-88c6-6ccecfac8b13,Bombay Banta Black Jeera Soda,Bombay Banta,India,,,,5ee1a58e-25ff-4401-b697-28c26e086f3e,2000,250.0,250 ml,MILLILITRE,260,6,120 days,,1,False,False,4.7,959,,,,
14/07/25 12:31:36,182024f9-7363-463d-81e1-e8f76b8255d2,182024f9-7363-463d-81e1-e8f76b8255d2,0ed3c6ae-9a69-4458-aac5-b6c3342c8954,9300,6,600,2,2,2025-06-25T09:55:26.946Z,False,9900,9300,True,SELLABLESKU,False,Cold Drinks & Juices,Non-Alcoholic & Energy Drink,MILLILITRE,2800,MILLILITRE,9300,c6bba2b2-6b2d-4bd4-ae3d-adb6f9383393,22b9c18f-725c-4915-988d-ff0c63454724,3 Sisters Strawberry Non-Alcoholic Beer,3 Sisters,India,,,,7fe5e482-acc9-4af7-b6da-6724a8c33cbd,9900,330.0,,MILLILITRE,600,6,12 months,,2,False,False,4.6,680,TIER_2,600.0,,
14/07/25 12:31:36,7e4f9a89-5196-4c6b-8eaa-ba09558fdfbc,7e4f9a89-5196-4c6b-8eaa-ba09558fdfbc,0ed3c6ae-9a69-4458-aac5-b6c3342c8954,13700,5,800,1,1,2025-07-12T22:50:05.292Z,False,14500,13700,True,SELLABLESKU,False,Cold Drinks & Juices,Vegan Drinks,LITER,1370,LITER,13100,dcfd1067-a597-4ef0-81d6-9a3d1b9a2891,7e964d21-d44e-44c3-a50b-a32b6985e149,So Good Plant Based Soy Beverage,So Good,India,Life Health Foods India Pvt. Ltd,"213, Atlanta Estate, Dr. Ambedkar Chowk, Off, W.E Highway, Goregaon (E), Mumbai, Maharashtra","Water, Soybean, Acidity Regulator",e6fa7dde-243f-423a-adf6-fc4b3b4c7995,14500,1.0,1 L,LITER,1000,12,9 months,,1,False,False,4.6,113,TIER_2,800.0,,
14/07/25 12:31:36,334ae91c-5627-4432-9cf2-5af50f0b2fef,334ae91c-5627-4432-9cf2-5af50f0b2fef,0ed3c6ae-9a69-4458-aac5-b6c3342c8954,6800,2,200,4,4,2025-07-11T09:58:28.986Z,False,7000,6800,True,SELLABLESKU,False,Cold Drinks & Juices,Water,MILLILITRE,1300,MILLILITRE,6700,b783925b-6b57-4750-99f6-01ea5145ec5e,97efdce6-55f5-4795-b3a7-04b0ebe86d59,O'cean Beverages Pink Guava Flavoured Water,O'cean Beverages,,O'Cean Beverages,,,f05e5616-7d3e-41e1-b9db-6f2fd54810f8,7000,500.0,500 ml,MILLILITRE,500,12,12 months,,4,False,False,4.9,602,TIER_2,200.0,,
14/07/25 12:31:36,b079302b-8348-4d92-9440-192e1d5ab172,b079302b-8348-4d92-9440-192e1d5ab172,0ed3c6ae-9a69-4458-aac5-b6c3342c8954,42500,0,0,2,2,2025-06-24T17:58:28.317Z,False,42500,42500,True,SELLABLESKU,False,Cold Drinks & Juices,Soda & Mixers,MILLILITRE,17000,MILLILITRE,40900,0df54b3f-11f6-4ada-b38a-9be38ea25eba,d2b942ae-d013-4903-9f80-0150f626342d,Monin Bleu Curacao Syrup for Cocktail |Mocktails | Mixers,Monin,Malaysia,Monin Asia KL Sdn. Bhd.,"Monin Asia KL Sdn. Bhd., Malaysia",,a30a8839-0d18-465c-bd5c-84faefeb652d,42500,250.0,250 ml,MILLILITRE,250,8,36 months,,2,True,False,4.8,54,,,,
14/07/25 12:31:36,256fedcb-6e3b-4cd1-bb7f-20722984134b,256fedcb-6e3b-4cd1-bb7f-20722984134b,0ed3c6ae-9a69-4458-aac5-b6c3342c8954,4000,0,0,6,6,2025-07-14T00:10:32.774Z,False,4000,4000,True,SELLABLESKU,False,Cold Drinks & Juices,Soft Drinks,MILLILITRE,1300,MILLILITRE,4000,dff3658b-c351-4e7f-8196-e98d0c66d99e,b839ed8e-e714-4c0b-a469-6d7750390afb,Mountain Dew Lemon Soft Drink,Mountain Dew,India,VBL,,"Carbonated Water, Sugar, Acidity Regulators (330,331), Flavour (Natural Flavouring Substances, Preservatives (211), Caffeine (13 mg/100 g), Stabilizer (445 (iii)), Colour (102)",63d079a8-164e-4679-848f-ecc84e460b40,4000,300.0,300 ml,MILLILITRE,300,6,9 months,,6,False,False,4.7,1533,,,,
14/07/25 12:31:36,8caf881b-e554-561d-9e21-c911cd74a906,8caf881b-e554-561d-9e21-c911cd74a906,0ed3c6ae-9a69-4458-aac5-b6c3342c8954,18400,20,4600,1,1,2025-07-12T10:24:40.721Z,False,23000,18400,True,SELLABLESKU,False,Cold Drinks & Juices,Fruit Juices & Drinks,MILLILITRE,2400,MILLILITRE,17100,c41e2ad3-2dcc-42b6-829b-7e3a8e78d754,7c9a8c4b-8d81-49dc-95b6-ef90921f1355,Raw Pressery Coconut Water,Raw Pressery,India,,,,c51e069a-b306-4965-a501-3309e673b900,23000,750.0,,MILLILITRE,750,6,7 months,,1,True,False,4.6,195,TIER_2,4600.0,,
14/07/25 12:31:36,7f36dd0f-391e-4555-bc7b-2d0b2450756a,7f36dd0f-391e-4555-bc7b-2d0b2450756a,0ed3c6ae-9a69-4458-aac5-b6c3342c8954,6800,2,200,4,4,2025-07-13T04:12:23.652Z,False,7000,6800,True,SELLABLESKU,False,Cold Drinks & Juices,Water,MILLILITRE,1300,MILLILITRE,6700,b783925b-6b57-4750-99f6-01ea5145ec5e,46398235-0429-4c3d-b384-ae825c0d0bf2,O'cean Beverages Crispy Apple Flavoured Water,O'cean Beverages,,O'Cean Beverages,,,e99636d0-3965-4a97-a416-a0b91210aa1c,7000,500.0,500 ml,MILLILITRE,500,12,12 months,,4,False,False,4.6,541,TIER_2,200.0,,
14/07/25 12:31:36,bc337e29-ee12-4e25-88ea-68592fc57a09,bc337e29-ee12-4e25-88ea-68592fc57a09,0ed3c6ae-9a69-4458-aac5-b6c3342c8954,8400,6,600,2,2,2025-07-12T04:27:42.916Z,False,9000,8400,True,SELLABLESKU,False,Cold Drinks & Juices,Instant Drink Mixes,MILLILITRE,3300,MILLILITRE,8100,4d088b94-ba43-4bf0-a881-a573862aa0a1,13b0e904-10c8-4f24-8c41-0a3925e0a211,Dabur Hommade Lemon Concentrated Liquid,Dabur Hommade,India,Dabur India Limited,"Dabur India Limited, Plot No-22, Site 4, Sahibabad, Sahibabad Industrial Area, Sahibabad Industrial Area, Ghaziabad, Uttar Pradesh.",,49a9372d-483c-429a-b458-2ae16e3d7e77,9000,250.0,250 ml,MILLILITRE,250,24,6 months,,2,True,False,4.8,172,TIER_2,600.0,,
14/07/25 12:31:36,e4881806-5700-4e57-bf3a-39b823ced964,e4881806-5700-4e57-bf3a-39b823ced964,0ed3c6ae-9a69-4458-aac5-b6c3342c8954,9200,7,700,4,4,2025-07-07T00:26:48.003Z,False,9900,9200,True,SELLABLESKU,False,Cold Drinks & Juices,Non-Alcoholic & Energy Drink,MILLILITRE,2700,MILLILITRE,9000,c6bba2b2-6b2d-4bd4-ae3d-adb6f9383393,9616e1db-e6de-4023-aba4-3a46d4f3eedf,Coolberg Ginger Non Alcoholic Beer,Coolberg,India,Coolberg Beverages Pvt Ltd,"Universal Business Park, 406, A-Wing, Off, Saki Vihar Rd, Chandivali, Mumbai, Maharashtra 400072.","Carbonated Water, Sugar, Apple Juice Concentrate (1.85%), Barley Malt, Acidulant (INS 330), Herbs, Permitted Class II Preservatives (INS 211), Contains Permitted Natural Food Colour (INS 150d) And Added flavours (Natural, Nature Identical And Artificial Flavouring Substances- Ginger)",3938d7e2-a2fe-4887-b6b1-4438cea1af07,9900,330.0,330 ml,MILLILITRE,330,12,12 months,,4,False,False,4.6,427,TIER_2,700.0,,
14/07/25 12:31:36,0e2c0b85-cf40-4df3-8966-3f1619f7427d,0e2c0b85-cf40-4df3-8966-3f1619f7427d,0ed3c6ae-9a69-4458-aac5-b6c3342c8954,4000,0,0,6,6,2025-07-12T12:30:55.146Z,False,4000,4000,True,SELLABLESKU,False,Cold Drinks & Juices,Soft Drinks,MILLILITRE,1300,MILLILITRE,4000,dff3658b-c351-4e7f-8196-e98d0c66d99e,4e2df326-b604-4045-a696-634bf0d7932a,Pepsi Soft Drink,Pepsi,India,Pepsico India Holdings Pvt. Ltd,,,8be78e06-f108-4695-bcfd-67433764be81,4000,300.0,,MILLILITRE,300,6,9 months,,6,False,False,4.6,1172,,,,
14/07/25 12:31:36,87d81ce1-5e46-4b5d-af27-68de3740351c,87d81ce1-5e46-4b5d-af27-68de3740351c,0ed3c6ae-9a69-4458-aac5-b6c3342c8954,24000,0,0,3,3,2025-06-05T10:58:46.666Z,False,24000,24000,True,SELLABLESKU,False,Cold Drinks & Juices,Water,GRAM,34200,GRAM,24000,b783925b-6b57-4750-99f6-01ea5145ec5e,d344b071-dd9b-4b17-9ffc-63c1f258c174,Evocus Cranberry Electrolytes Mix Powder,Evocus,India,,,,8a77ebd1-7671-4b78-828a-37d4246f401b,24000,70.0,6 x 70 g,GRAM,70,6,24 months,,3,True,False,4.7,214,,,,
14/07/25 12:31:36,f439bcaf-cc33-4147-b510-be52a1c98604,f439bcaf-cc33-4147-b510-be52a1c98604,0ed3c6ae-9a69-4458-aac5-b6c3342c8954,4000,0,0,1,1,2025-07-12T09:48:24.362Z,False,4000,4000,True,SELLABLESKU,False,Cold Drinks & Juices,Milk Drinks,MILLILITRE,2200,MILLILITRE,3800,c5638eba-30c0-4a40-8c63-c9947fd22c16,6d7c4754-0e47-4830-ac08-b7fb71bc7770,Hershey's Almond Milk Shake,Hershey's,USA,The Hershey's Company,"Hershey India Private Limited, Plot No. 5, New Industrial Area No. 1, Mandideep, Dist : Raisen - 462046, MP, India.","Water, Milk Solids - 10%, Sugar, Emulsifier (460 (i), 466, 471), Mineral (Calcium Carbonate), Sequestrant (339 (ii) ), Thickening Agent (415), Edible Common Salt, Mineral (Zinc Sulphate), Vitamin E (Acetate), Vitamin A (Acetate), Vitamin D2 (Ergocalciferol), Vitamin B1 (Thiamine Chloride Hydrochloride), Vitamin B2 (Riboflavin), & Almond Paste - 0. 002%.",f3f9f90b-83c9-4a05-b7c9-14f0e842e6b5,4000,180.0,180 ml,MILLILITRE,180,8,9 months,,1,False,False,4.5,495,,,,
14/07/25 12:31:36,ba0f5c01-e3d8-5e2a-b1bf-e45b23faa411,ba0f5c01-e3d8-5e2a-b1bf-e45b23faa411,0ed3c6ae-9a69-4458-aac5-b6c3342c8954,13000,0,0,2,2,2025-07-05T09:16:14.206Z,False,13000,13000,True,SELLABLESKU,False,Cold Drinks & Juices,Fruit Juices & Drinks,LITER,650,LITER,12500,c41e2ad3-2dcc-42b6-829b-7e3a8e78d754,cda25260-1356-48d8-9777-bb0f28941866,Frooti Mango Drink,Frooti,India,,,,477c7c10-a5ec-489a-965e-c709b18317f2,13000,2.0,,LITER,2168,6,180 days,,2,False,False,4.6,173,,,,
14/07/25 12:31:36,294268bd-d554-4617-90cb-896e725d233b,294268bd-d554-4617-90cb-896e725d233b,0ed3c6ae-9a69-4458-aac5-b6c3342c8954,38300,7,3200,4,4,2025-07-12T05:25:33.092Z,False,41500,38300,True,SELLABLESKU,False,Cold Drinks & Juices,Instant Drink Mixes,KILOGRAM,3830,KILOGRAM,35500,4d088b94-ba43-4bf0-a881-a573862aa0a1,09992fac-a6b9-4f9a-b05f-9f5e292a6e3a,Glucon D Tangy Orange Glucose-D,Glucon D,India,?Zydus Wellness Products Ltd.,"Zydus Wellness, Zydus Corporate Park, Scheme No. 63, Survey No. 536, Ahmedabad.","Sucrose (56%), Glucose (41%), Acidity Regulator (INS 330),
Nature Identical Flavouring Substances, Mineral (Calcium Phosphate),
Edible Common Salt, Vltamin C, Synthetic Colour (INS 110).",0073f44a-1220-45c2-878c-52029738334a,41500,1.0,1 kg,KILOGRAM,1000,6,18 months,,4,True,False,5.0,102,TIER_2,3200.0,,
14/07/25 12:31:36,5fb72847-2447-4ddd-83a6-f21658383b2f,5fb72847-2447-4ddd-83a6-f21658383b2f,0ed3c6ae-9a69-4458-aac5-b6c3342c8954,42500,0,0,2,2,2025-07-11T14:05:13.938Z,False,42500,42500,True,SELLABLESKU,False,Cold Drinks & Juices,Soda & Mixers,MILLILITRE,17000,MILLILITRE,39500,0df54b3f-11f6-4ada-b38a-9be38ea25eba,f5a3cc44-649e-43a0-9674-ffb6ce4f184f,Monin Strawberry Syrup for Cocktail | Mocktails |Slush,Monin,MALAYSIA,Monin Asia KL SDN BHD,,,01002141-c7b5-4e90-8026-a041b32f345c,42500,250.0,,MILLILITRE,250,6,30 months,,2,True,False,5.0,52,,,,
14/07/25 12:31:36,3e6611f0-02be-4bcb-a652-0f2fd353ad12,3e6611f0-02be-4bcb-a652-0f2fd353ad12,0ed3c6ae-9a69-4458-aac5-b6c3342c8954,1900,5,100,6,6,2025-07-13T15:51:41.718Z,False,2000,1900,True,SELLABLESKU,False,Cold Drinks & Juices,Milk Drinks,MILLILITRE,1000,MILLILITRE,1600,c5638eba-30c0-4a40-8c63-c9947fd22c16,b28029da-1fe3-48f2-8395-5a1dd7313e1b,Smoodh Lassi,Smoodh,India,,,,f87825ee-0e30-438b-a64a-ecb46b6439c3,2000,180.0,,MILLILITRE,180,6,180 days,,6,False,False,4.1,333,TIER_2,100.0,,
14/07/25 12:31:44,93fe97ec-e485-5bbe-abd7-643993f630d7,93fe97ec-e485-5bbe-abd7-643993f630d7,0ed3c6ae-9a69-4458-aac5-b6c3342c8954,2000,0,0,4,4,2025-07-14T01:05:02.217Z,False,2000,2000,True,SELLABLESKU,False,Cold Drinks & Juices,Soft Drinks,MILLILITRE,800,MILLILITRE,1900,dff3658b-c351-4e7f-8196-e98d0c66d99e,2541dbcc-c673-4c89-bdef-9508bfc8d1f2,Bombay Banta Masala Cola Soda,Bombay Banta,India,,,,0d46b005-a8ca-4063-a22e-56d90d57a3c0,2000,250.0,250 ml,MILLILITRE,260,6,120 days,,4,False,False,4.6,448,,,,
14/07/25 12:31:44,11bf7f1a-4d21-4908-807d-0207a36b06fe,11bf7f1a-4d21-4908-807d-0207a36b06fe,0ed3c6ae-9a69-4458-aac5-b6c3342c8954,24000,0,0,1,1,2025-07-14T04:26:17.939Z,False,24000,24000,True,SELLABLESKU,False,Cold Drinks & Juices,Water,GRAM,34200,GRAM,24000,b783925b-6b57-4750-99f6-01ea5145ec5e,805dd0c3-9e19-4d63-b43e-f36416d1a427,Evocus Tangerine Electrolytes Mix Powder,Evocus,India,,,,5d03697a-bc7f-4d69-875a-3cbfe9bbe257,24000,70.0,6 x 70 g,GRAM,70,6,24 months,,1,True,False,4.3,631,,,,
14/07/25 12:31:44,aa674d45-65b0-42c4-8d90-cab173044df2,aa674d45-65b0-42c4-8d90-cab173044df2,0ed3c6ae-9a69-4458-aac5-b6c3342c8954,16800,37,10200,2,2,2025-07-06T05:43:33.606Z,False,27000,16800,True,SELLABLESKU,False,Cold Drinks & Juices,Instant Drink Mixes,GRAM,2800,GRAM,15900,4d088b94-ba43-4bf0-a881-a573862aa0a1,c611078f-03eb-43e4-a2a3-26d1074170dd,Del Monte Chocolate Flavoured Syrup,Del Monte,India,"Del Monte Foods, Inc.",,,fe85a527-e130-4950-9f7b-be70ea31c78f,27000,600.0,600 g,GRAM,600,8,13 months,,2,True,False,4.6,152,TIER_2,10200.0,,
14/07/25 12:31:44,fe577fff-caca-5a56-bf36-3e7a79d1ef75,fe577fff-caca-5a56-bf36-3e7a79d1ef75,0ed3c6ae-9a69-4458-aac5-b6c3342c8954,23900,0,100,1,1,2025-07-11T13:57:08.370Z,False,24000,23900,True,SELLABLESKU,False,Cold Drinks & Juices,Soft Drinks,LITER,2390,LITER,22500,dff3658b-c351-4e7f-8196-e98d0c66d99e,ea7457bb-9def-47d3-84f7-bb528919e846,Mountain Dew Soft Drink,Mountain Dew,India,VBL,,,8f4dc925-f54d-4df4-9ed5-aef8b662d1bb,24000,1.98,300 ml x 6,LITER,1980,6,9 months,,1,True,False,4.4,802,TIER_2,100.0,,
14/07/25 12:31:44,c7e3b6d7-beea-4a13-bc67-490892e34b14,c7e3b6d7-beea-4a13-bc67-490892e34b14,0ed3c6ae-9a69-4458-aac5-b6c3342c8954,11700,10,1300,5,5,2025-07-07T15:20:25.115Z,False,13000,11700,True,SELLABLESKU,False,Cold Drinks & Juices,Fruit Juices & Drinks,LITER,1170,LITER,10800,c41e2ad3-2dcc-42b6-829b-7e3a8e78d754,93a94ba5-fafe-4eed-ada0-b960ef399e31,Tropicana Delight Mixed Fruit Juice,Tropicana Delight,India,VBL,,"25% Mixed Fruit Juice In Reconstituted Beverage Water, Sugar, Concentrated Mixed Fruit Juice 6.1% (From Apple, Mango, Guava, Orange, Banana, Apricot, Peach), Acidity Regulator (330), Stabilizers (466, 440), Iodised Salt, Flavour (Natural And Nature Identical Flavouring Substances), Sweetener (960A), Colour (160A(I)). Contain Non-Caloric Sweetener. This Contains Steviol Glycoside.",574aa19b-2253-4857-851a-0890a7ddbf23,13000,1.0,1 L,LITER,1,24,6 months,"Serve Size: 200 ml; 5 servings in this pack 
Per 100 ml % RDA Per Serve
Energy 42 kcal 4%
Protein 0 g 
Total Fat 0 g 0%
Saturated Fat 0 g 0%
Trans Fat 0 g 0%
Carbohydrate 10.5 g 
Total Sugars^ 10.2 g 
Added Sugars 6.9 g 28%
Sodium 25 mg 3%
Potassium 34 mg 
?Approximate Values 
^Includes natural fruit sugars",5,False,False,4.5,416,TIER_2,1300.0,,
14/07/25 12:31:44,955d8c32-0e4c-4496-8ca7-526192e360da,955d8c32-0e4c-4496-8ca7-526192e360da,0ed3c6ae-9a69-4458-aac5-b6c3342c8954,36000,0,0,2,2,2025-07-13T00:26:20.141Z,False,36000,36000,True,SELLABLESKU,False,Cold Drinks & Juices,Soda & Mixers,MILLILITRE,2000,MILLILITRE,34600,0df54b3f-11f6-4ada-b38a-9be38ea25eba,bafb722b-8103-4313-913e-8c99feb073be,Schweppes Tonic Water,Schweppes,India,HINDUSTAN COCA-COLA BEVERAGES PVT. LTD,"HINDUSTAN COCA-COLA BEVERAGES PVT. , 1105/7/8/33, PIRANGUT, TAL. MULSHI DIST, PUNE- 412 111, MAHARASHTRA.",,a3084fc4-e613-4d40-97c5-0de617050f9c,36000,1800.0,6 x 300 ml,MILLILITRE,300,12,12 months,,2,True,False,4.7,64,,,,
14/07/25 12:31:44,1dc98b90-5a16-42f0-8e17-3c16385a8625,1dc98b90-5a16-42f0-8e17-3c16385a8625,0ed3c6ae-9a69-4458-aac5-b6c3342c8954,1900,5,100,6,6,2025-07-13T19:11:15.968Z,False,2000,1900,True,SELLABLESKU,False,Cold Drinks & Juices,Soft Drinks,MILLILITRE,700,MILLILITRE,1900,dff3658b-c351-4e7f-8196-e98d0c66d99e,06bc188e-ae47-4903-bc0c-4689a4ae9e66,Bombay Banta Masala Soda Soft Drink,Bombay Banta,India,,,,2c07540a-1cda-4b0e-a936-273d6b2f95dc,2000,250.0,,MILLILITRE,250,6,6 months,,6,False,False,4.6,1492,TIER_2,100.0,,
14/07/25 12:31:44,f8dafd0c-5144-44d4-ba30-216fd6186808,f8dafd0c-5144-44d4-ba30-216fd6186808,0ed3c6ae-9a69-4458-aac5-b6c3342c8954,24000,0,0,2,2,2025-06-15T09:58:22.626Z,False,24000,24000,True,SELLABLESKU,False,Cold Drinks & Juices,Water,GRAM,34200,GRAM,24000,b783925b-6b57-4750-99f6-01ea5145ec5e,35750dde-b5c2-4712-9769-3f0a20764e4b,Evocus Lime and Yuzu Electrolytes Mix Powder,Evocus,India,,,,f49377dd-32f4-4e00-b95c-509aa4a58ce5,24000,70.0,6 x 70 g,GRAM,70,6,24 months,,2,True,False,4.5,186,,,,
14/07/25 12:31:44,04ab85cf-46ba-4198-b169-7b1a0a60630a,04ab85cf-46ba-4198-b169-7b1a0a60630a,0ed3c6ae-9a69-4458-aac5-b6c3342c8954,9200,7,700,2,2,2025-07-07T01:11:59.419Z,False,9900,9200,True,SELLABLESKU,False,Cold Drinks & Juices,Non-Alcoholic & Energy Drink,MILLILITRE,3000,MILLILITRE,8500,c6bba2b2-6b2d-4bd4-ae3d-adb6f9383393,7e72fc6b-d403-4227-9690-b8957a3452ae,Coolberg Peach Flavoured Non Alcoholic Beer,Coolberg,India,Coolberg Beverages Pvt Ltd,"Universal Business Park, 406, A-Wing, Off, Saki Vihar Rd, Chandivali, Mumbai, Maharashtra 400072.","Carbonated Water, Sugar, Apple Juice Concentrate (1.69%), Barley Malt, Acidulant (INS 330), Herbs, Permitted Class II Preservatives (INS 211), Acidity Regulator (INS 331), Contains Permitted Natural Food Colour (INS 150D) And Added flavours (Natural, Nature Identical And Artificial Flavouring Substances- Peach)",66e1b5b1-efd2-4a7a-b587-23071816f37c,9900,300.0,300 ml,MILLILITRE,250,8,12 months,"Per 100 ml:Energy- 46.05 Kcal,Protein- 0.25 g,Carbohydrates- 11.24 g,Sugar- 11.11 g,Fat- 0.01 g",2,False,False,4.8,271,TIER_2,700.0,,
14/07/25 12:31:44,fbf59b49-a8cc-54d7-bc46-703d25b5dbdd,fbf59b49-a8cc-54d7-bc46-703d25b5dbdd,0ed3c6ae-9a69-4458-aac5-b6c3342c8954,37400,9,4100,4,4,2025-07-10T15:49:52.258Z,False,41500,37400,True,SELLABLESKU,False,Cold Drinks & Juices,Instant Drink Mixes,KILOGRAM,3740,KILOGRAM,36300,4d088b94-ba43-4bf0-a881-a573862aa0a1,405456eb-94bb-4b89-86b1-46b1f154356d,Glucon D Nimbu Pani Glucose Powder,Glucon D,India,Zydus Wellness,"Zydus Wellness, Zydus Corporate Park, Scheme No. 63, Survey No. 536, Ahmedabad.","Glucose (52%), Sucrose (45%), Acidity Regulator (INS 330),
Natural Flavouring Substance, Mineral (Calcium Phosphate),
Edible Common Salt, Vitamin C.",d36bdeab-2e54-416f-a7ec-d0ea2ad9dc93,41500,1.0,1 kg,KILOGRAM,1000,12,18 months,,4,True,False,4.5,531,TIER_2,4100.0,,
14/07/25 12:31:44,c38834a8-dff2-55b3-957d-ff40634f3596,c38834a8-dff2-55b3-957d-ff40634f3596,0ed3c6ae-9a69-4458-aac5-b6c3342c8954,5100,15,900,4,4,2025-07-11T13:57:47.563Z,False,6000,5100,True,SELLABLESKU,False,Cold Drinks & Juices,Non-Alcoholic & Energy Drink,MILLILITRE,1000,MILLILITRE,5100,c6bba2b2-6b2d-4bd4-ae3d-adb6f9383393,c9670e97-9674-4c08-9c9f-dd8092b7bc73,Fast&Up Reload Zero Sugar Energy Drink - Refreshing Orange Flavour,Fast&up,India,AERONUTRIX SPORTS PRODUCTS PVT LTD,,,8011b8c1-fdfe-4b58-989f-c63e3ac76b78,6000,500.0,,MILLILITRE,500,6,12 months,,4,False,False,4.3,150,TIER_2,900.0,,
14/07/25 12:31:44,0062e741-9897-47dc-96ec-01515496b5f5,0062e741-9897-47dc-96ec-01515496b5f5,0ed3c6ae-9a69-4458-aac5-b6c3342c8954,6800,2,200,3,3,2025-07-11T13:21:43.885Z,False,7000,6800,True,SELLABLESKU,False,Cold Drinks & Juices,Water,MILLILITRE,1300,MILLILITRE,6700,b783925b-6b57-4750-99f6-01ea5145ec5e,78c150ec-dd85-4b08-83d0-b565283bbb31,O'cean Beverages Mango and Passion Flavoured Drink,O'cean Beverages,,O'Cean Beverages,,,768c3c46-c175-4710-b33a-102bd7b6bac7,7000,500.0,500 ml,MILLILITRE,500,12,12 months,,3,False,False,4.7,687,TIER_2,200.0,,
14/07/25 12:31:44,ce192409-b703-5bf5-80ee-5e1c39af522d,ce192409-b703-5bf5-80ee-5e1c39af522d,0ed3c6ae-9a69-4458-aac5-b6c3342c8954,19900,11,2600,2,2,2025-07-03T23:23:48.570Z,False,22500,19900,True,SELLABLESKU,False,Cold Drinks & Juices,Instant Drink Mixes,GRAM,3900,GRAM,18800,4d088b94-ba43-4bf0-a881-a573862aa0a1,ac316d83-7a97-4de0-a2b7-d4ea38b447ce,Rasna Native Haat Aam Panna Instant Powder Mix,Rasna,India,Rasna Private Limited,,,e0bce4c8-dac5-4734-b5a2-d5715d84f49b,22500,500.0,,GRAM,500,6,24 months,,2,True,False,4.5,848,TIER_2,2600.0,,
14/07/25 12:31:44,1f0429e4-643b-47f4-8247-0838e7dbf834,1f0429e4-643b-47f4-8247-0838e7dbf834,0ed3c6ae-9a69-4458-aac5-b6c3342c8954,15500,0,0,2,2,2025-07-06T10:02:05.174Z,False,15500,15500,True,SELLABLESKU,False,Cold Drinks & Juices,Vegan Drinks,LITER,1550,LITER,12300,dcfd1067-a597-4ef0-81d6-9a3d1b9a2891,5b264b68-2719-4133-866a-c6b4e4db5016,Sofit Chocolate Soy Milk,Sofit,India,Hersheys India Pvt. Ltd.,,,13eff06c-904a-430b-a4cf-b973d0a8df2e,15500,1.0,1 L,LITER,1,12,9 months,,2,True,False,4.5,145,,,,
14/07/25 12:31:44,30277488-5238-44d7-a378-efaca3944b80,30277488-5238-44d7-a378-efaca3944b80,0ed3c6ae-9a69-4458-aac5-b6c3342c8954,36000,0,0,1,1,2025-07-09T04:28:54.357Z,False,36000,36000,True,SELLABLESKU,False,Cold Drinks & Juices,Soda & Mixers,MILLILITRE,2000,MILLILITRE,34600,0df54b3f-11f6-4ada-b38a-9be38ea25eba,09f24dd6-1571-405f-84bf-d25cdeaa0ff1,Schweppes Ginger Ale,Schweppes,India,HINDUSTAN COCA-COLA BEVERAGES PVT. LTD,"HINDUSTAN COCA-COLA BEVERAGES PVT. , 1105/7/8/33, PIRANGUT, TAL. MULSHI DIST, PUNE- 412 111, MAHARASHTRA.",,72a2b588-d96e-4263-a8df-77cfd20920dc,36000,1800.0,6 x 300 ml,MILLILITRE,300,12,12 months,,1,True,False,4.9,62,,,,
14/07/25 12:31:44,b3141ce9-160c-4822-9a47-4cb4b92b0921,b3141ce9-160c-4822-9a47-4cb4b92b0921,0ed3c6ae-9a69-4458-aac5-b6c3342c8954,5100,15,900,1,1,2025-07-13T13:04:18.258Z,False,6000,5100,True,SELLABLESKU,False,Cold Drinks & Juices,Non-Alcoholic & Energy Drink,MILLILITRE,1000,MILLILITRE,5100,c6bba2b2-6b2d-4bd4-ae3d-adb6f9383393,ba7ef41e-8e52-479b-8b3e-8b568a7923fc,Fast&Up Reload Low Sugar Energy Drink - Tasty Lemon Blast,Fast&up,India,Fast&Up,,,31316fb3-ad57-4f0d-8c84-1c58022cb5ef,6000,500.0,500 ml,MILLILITRE,500,6,12 months,,1,False,False,4.8,342,TIER_2,900.0,,
14/07/25 12:31:44,c7e12144-d983-4d6d-b2c7-f33a58105ca2,c7e12144-d983-4d6d-b2c7-f33a58105ca2,0ed3c6ae-9a69-4458-aac5-b6c3342c8954,2000,0,0,16,16,2025-07-14T04:57:56.366Z,False,2000,2000,True,SELLABLESKU,False,Cold Drinks & Juices,Soda & Mixers,MILLILITRE,200,MILLILITRE,1300,0df54b3f-11f6-4ada-b38a-9be38ea25eba,09f0c20e-b418-4e86-947f-ec7b6ae21715,Bisleri Soda,Bisleri,India,BISLERI INTERNATIONAL PVT LTD,"BISLERI INTERNATIONAL PVT LTD, 19/1,A, Sahibabad Industrial Area Site 4, Sahibabad, Ghaziabad, Uttar Pradesh 201010.","Purified Water, Carbon Dioxide.",8062d3ac-b753-45a0-ab28-36fb25cb0642,2000,750.0,750 ml,MILLILITRE,750,16,6 months,"Per 100 ml :-Energy 0 kcal ,Carbohydrate 0 g ,Sugar 0 g ,Protein 0 g ,Fat 0 g.",16,False,False,4.8,2917,,,,
14/07/25 12:31:44,a7288be6-0ec9-5583-b325-285fc0693438,a7288be6-0ec9-5583-b325-285fc0693438,0ed3c6ae-9a69-4458-aac5-b6c3342c8954,10000,0,0,1,1,2025-07-11T13:59:47.033Z,False,10000,10000,True,SELLABLESKU,False,Cold Drinks & Juices,Fruit Juices & Drinks,LITER,1000,LITER,9600,c41e2ad3-2dcc-42b6-829b-7e3a8e78d754,d39247fc-875b-4c8a-ba39-60f4c7bb2abd,Appy Apple Juice,Appy,India,Parle Agro Pvt. Ltd.,,,000dc3de-87f7-4801-8550-51754037d0a1,10000,1.25,10 x 125 ml,LITER,1250,6,180 days,,1,False,False,4.6,231,,,,
14/07/25 12:31:44,418070da-b432-4bfc-a83e-820bb40b02b8,418070da-b432-4bfc-a83e-820bb40b02b8,0ed3c6ae-9a69-4458-aac5-b6c3342c8954,6600,4,300,2,2,2025-07-13T16:08:34.857Z,False,6900,6600,True,SELLABLESKU,False,Cold Drinks & Juices,Vegan Drinks,MILLILITRE,3600,MILLILITRE,5000,dcfd1067-a597-4ef0-81d6-9a3d1b9a2891,3cc83030-b218-4c84-97d6-92dde554f1ed,Alt Co. Oat Milk,Alt Co.,India,Alt Co,,"Water Oats (12%), Rape Seed Oil (2.5%), Acidity Regulator (INS 340 (II), 341 (III), INS 340 (340)), Salt, Vitamin Premix",2ecf82fa-e35b-432d-888e-067c8650fe05,6900,180.0,180 ml,MILLILITRE,200,6,13 months,,2,False,False,4.6,119,TIER_2,300.0,,
14/07/25 12:31:44,32f931e3-dfdf-5f54-b1ba-51e26065198c,32f931e3-dfdf-5f54-b1ba-51e26065198c,0ed3c6ae-9a69-4458-aac5-b6c3342c8954,8000,0,0,2,2,2025-07-03T10:12:33.058Z,False,8000,8000,True,SELLABLESKU,False,Cold Drinks & Juices,Water,MILLILITRE,1600,MILLILITRE,8000,b783925b-6b57-4750-99f6-01ea5145ec5e,24c01b05-5928-4924-8851-e1187a7ffbab,Evocus Hydration I.V. Electrolytes Drink - Hydration Drink | Blueberry,Evocus,india,,,,01889ded-44b5-4f9d-9f48-01eba37e6a3b,8000,500.0,500 ml,MILLILITRE,500,6,12 months,,2,False,False,4.4,775,,,,
14/07/25 12:31:44,f61a07db-b460-4b28-9f45-3dcdccdb565e,f61a07db-b460-4b28-9f45-3dcdccdb565e,0ed3c6ae-9a69-4458-aac5-b6c3342c8954,27000,0,0,2,2,2025-06-30T19:12:07.422Z,False,27000,27000,True,SELLABLESKU,False,Cold Drinks & Juices,Instant Drink Mixes,LITER,2700,LITER,25600,4d088b94-ba43-4bf0-a881-a573862aa0a1,7fb5ada1-ca7c-4c9f-a0d3-40fedbc9ea84,Mapro Khus Sharbat,Mapro,India,Mapro Food Pvt. Ltd,"Mapro Food Pvt. Ltd, 122, Shendurjane, Wai 412803.","Sharbat Sugar, extract of khus root, water, citric acid (E-330). Contains permitted synthetic food colours (E-102, E-133) and added flavours-natural, nature identical and artificial flavouring substances. Contains permitted class II preservative (E-211).",cbc1eb69-51bb-4078-a807-f8bf48a909af,27000,1.0,1 L,LITER,1,12,18 months,Typical valuelper 100 ml � Energy (kcal) - 358 � Carbohydrates (g) - 92 �Sugar (g) - 92 � Protein (g) - 0 � Fat (g) - 0,2,True,False,5.0,56,,,,
14/07/25 12:31:44,885a27b0-0c46-4a25-9ab1-44e99d8a38a4,885a27b0-0c46-4a25-9ab1-44e99d8a38a4,0ed3c6ae-9a69-4458-aac5-b6c3342c8954,6800,2,200,3,3,2025-07-12T15:18:49.779Z,False,7000,6800,True,SELLABLESKU,False,Cold Drinks & Juices,Water,MILLILITRE,1300,MILLILITRE,6700,b783925b-6b57-4750-99f6-01ea5145ec5e,6c240149-2a8c-49ad-8aee-4cffcbea09e1,O'cean Beverages Strawberry and lime Water,O'cean Beverages,India,O'Cean Beverages,,,922e03de-f6b0-46d8-8216-1272fe482c7d,7000,500.0,500 ml,MILLILITRE,500,6,12 months,,3,False,False,4.9,496,TIER_2,200.0,,
14/07/25 12:31:44,0fbdf1f3-fcc8-5ae5-aeb2-ac724afd0bef,0fbdf1f3-fcc8-5ae5-aeb2-ac724afd0bef,0ed3c6ae-9a69-4458-aac5-b6c3342c8954,14300,4,700,1,1,2025-07-09T00:42:52.954Z,False,15000,14300,True,SELLABLESKU,False,Cold Drinks & Juices,Fruit Juices & Drinks,MILLILITRE,5700,MILLILITRE,13600,c41e2ad3-2dcc-42b6-829b-7e3a8e78d754,7d42a276-3619-49c5-ac49-eeac7a5195e2,Raw Pressery Pomegranate Fruit Juice,Raw Pressery,India,Rakyan Beverages Pvt. Ltd,"Rakyan Beverages Pvt. Ltd, B-12, JWC Logistic Park Pvt. Ltd., National Highway No.17 Palaspe, Panvel, Maharashtra.","Pomegranate (99.8%), Citrus Fiber, Antioxidants/Vitamin C ( INS 300)",4410b519-1146-4ac0-83a9-335b72ab60ca,15000,250.0,250 ml,MILLILITRE,250,12,7 months,,1,False,False,4.2,133,TIER_2,700.0,,
14/07/25 12:31:44,1b49691d-a7ae-5fd8-a665-70dcb688c3fa,1b49691d-a7ae-5fd8-a665-70dcb688c3fa,0ed3c6ae-9a69-4458-aac5-b6c3342c8954,8000,20,2000,5,5,2025-07-11T10:08:59.139Z,False,10000,8000,True,SELLABLESKU,False,Cold Drinks & Juices,Instant Drink Mixes,MILLILITRE,13300,MILLILITRE,7400,4d088b94-ba43-4bf0-a881-a573862aa0a1,0890aa18-5c16-41b0-a026-2517e8d24741,Rebound Mango Anti Hangover Drink,Rebound,India,,,,cdce98ea-b924-49c8-ae85-dd1a7b2d86e0,10000,60.0,,MILLILITRE,65,6,12 months,,5,True,False,4.4,342,TIER_2,2000.0,,
14/07/25 12:31:44,e411a29d-62b8-40e7-ae4b-899409b8e191,e411a29d-62b8-40e7-ae4b-899409b8e191,0ed3c6ae-9a69-4458-aac5-b6c3342c8954,14600,5,900,2,2,2025-07-10T02:13:10.044Z,False,15500,14600,True,SELLABLESKU,False,Cold Drinks & Juices,Vegan Drinks,LITER,1460,LITER,12000,dcfd1067-a597-4ef0-81d6-9a3d1b9a2891,5f774429-1248-4bc4-a31e-61e7eb4b1c6b,Sofit Vanilla Soy Milk,Sofit,India,Sofit,,,bd3a3484-a910-4390-9964-9b98ee6a7714,15500,1.0,1 L,LITER,1,12,9 months,,2,True,False,4.7,397,TIER_2,900.0,,
14/07/25 12:31:44,371714d8-540a-5fa8-af65-61d42a07b95a,371714d8-540a-5fa8-af65-61d42a07b95a,0ed3c6ae-9a69-4458-aac5-b6c3342c8954,15300,4,700,1,1,2025-07-11T13:54:39.223Z,False,16000,15300,True,SELLABLESKU,False,Cold Drinks & Juices,Soft Drinks,LITER,765,LITER,15300,dff3658b-c351-4e7f-8196-e98d0c66d99e,00f88f00-5554-403d-8630-1079d75ac21c,Mountain Dew Lemon Soft Drink,Mountain Dew,India,VBL,,,a45d4d25-b0dd-4b31-bfde-b9c8a62dac76,16000,2.0,8 x 250 ml,LITER,2000,6,180 days,,1,True,False,4.7,700,TIER_2,700.0,,
14/07/25 12:31:44,2ecec74c-989d-479a-ba3c-2962579b5b19,2ecec74c-989d-479a-ba3c-2962579b5b19,0ed3c6ae-9a69-4458-aac5-b6c3342c8954,20800,5,1100,4,4,2025-07-13T07:11:18.545Z,False,21900,20800,True,SELLABLESKU,False,Cold Drinks & Juices,Instant Drink Mixes,GRAM,4600,GRAM,19100,4d088b94-ba43-4bf0-a881-a573862aa0a1,a598d0bc-d829-4096-a2da-6cd49d762749,Glucon D Tangy Orange Instant Powder Mix,Glucon D,India,Zydus Wellness,"Zydus Wellness, Zydus Corporate Park, Scheme No. 63, Survey No. 536, Ahmedabad.","Sucrose (56%), Glucose (41%), Acidity Regulator (INS 330),
Nature Identical Flavouring Substances, Mineral (Calcium Phosphate),
Edible Common Salt, Vltamin C, Synthetic Colour (INS 110).",828fabcd-30dc-46d5-b9f9-60b308f68b7d,21900,450.0,450 g,GRAM,450,12,18 months,,4,True,False,4.9,115,TIER_2,1100.0,,
14/07/25 12:31:44,b3643d4a-3f45-5d94-bce1-18ea41cd1c98,b3643d4a-3f45-5d94-bce1-18ea41cd1c98,0ed3c6ae-9a69-4458-aac5-b6c3342c8954,37500,0,0,1,1,2025-06-24T09:49:16.537Z,False,37500,37500,True,SELLABLESKU,False,Cold Drinks & Juices,Water,MILLILITRE,5000,MILLILITRE,37500,b783925b-6b57-4750-99f6-01ea5145ec5e,e7ef54f9-08e9-4114-884c-a139894241a5,Johnnie Walker Luxe Blended Water,Johnnie Walker,India,,,,3295c441-1f6b-41d0-8324-ae040d0d0570,37500,750.0,750 ml,MILLILITRE,375,6,24 months,,1,True,False,4.6,76,,,,
14/07/25 12:31:44,c0df9a9c-dbd6-4526-8ddc-837ecc0ab248,c0df9a9c-dbd6-4526-8ddc-837ecc0ab248,0ed3c6ae-9a69-4458-aac5-b6c3342c8954,2000,50,2000,3,3,2025-07-11T10:07:56.075Z,False,4000,2000,True,SELLABLESKU,False,Cold Drinks & Juices,Fruit Juices & Drinks,MILLILITRE,1000,MILLILITRE,2000,c41e2ad3-2dcc-42b6-829b-7e3a8e78d754,2ddced6b-c4c6-4a9a-8316-2f0db0de2636,Raw Pressery Refreshers Aam Mango Juice,Raw Pressery,India,,,,f901d057-db9f-42f9-b698-0648c9b328e3,4000,200.0,,MILLILITRE,200,6,9 months,,3,True,False,4.3,219,TIER_2,2000.0,,
14/07/25 12:31:44,f435b4f0-20d3-4665-b5d9-80a79488531d,f435b4f0-20d3-4665-b5d9-80a79488531d,0ed3c6ae-9a69-4458-aac5-b6c3342c8954,6800,2,200,4,4,2025-07-04T13:55:26.298Z,False,7000,6800,True,SELLABLESKU,False,Cold Drinks & Juices,Water,MILLILITRE,1300,MILLILITRE,6700,b783925b-6b57-4750-99f6-01ea5145ec5e,f2b60bfb-918c-44f9-a845-63e824b6f08c,O'cean Beverages Lychee Flavoured Water,O'cean Beverages,India,O'Cean Beverages,,,38af4786-efec-4355-ad4e-35e9ae6a4d63,7000,500.0,500 ml,MILLILITRE,500,6,12 months,,4,False,False,4.7,310,TIER_2,200.0,,
14/07/25 12:31:44,806a1efe-7b24-4562-94c8-f325744580b3,806a1efe-7b24-4562-94c8-f325744580b3,0ed3c6ae-9a69-4458-aac5-b6c3342c8954,12300,1,200,2,2,2025-07-11T13:54:27.696Z,False,12500,12300,True,SELLABLESKU,False,Cold Drinks & Juices,Vegan Drinks,MILLILITRE,4900,MILLILITRE,12200,dcfd1067-a597-4ef0-81d6-9a3d1b9a2891,3d14e624-cef3-43c0-be34-71622648e5c2,Urban Platter Unsweetened Coconut Milk,Urban Platter,India,Istore Direct Trading Pvt. Ltd.,,,6737124e-56c9-4225-81ad-8559dd2f7407,12500,250.0,,MILLILITRE,250,6,12 months,,2,False,False,4.3,82,TIER_2,200.0,,
14/07/25 12:31:44,9ac6a26f-ecf5-4650-b7e9-ace1e043ecee,9ac6a26f-ecf5-4650-b7e9-ace1e043ecee,0ed3c6ae-9a69-4458-aac5-b6c3342c8954,13500,10,1500,4,4,2025-07-10T12:18:22.808Z,False,15000,13500,True,SELLABLESKU,False,Cold Drinks & Juices,Instant Drink Mixes,GRAM,2700,GRAM,13400,4d088b94-ba43-4bf0-a881-a573862aa0a1,4374b7f7-5922-4f8e-8b07-43b74a5f4ff2,Tang Orange Instant Drink Mix,Tang,India,Swaji Nutritionals Private Limited,"Swaji Nutritionals Private Limited, Survey Nos.85/1,85/2,85/3,85/5,86/1,86/2,87/1,87/2, Medamaranahalli Village, Harohalli Hobli, Kanakapura Taluk, Ramanagara District, Ramanagara, Karnataka - 562112.","Sugar, Acidity Regulator (330), Orange Fruit Powder (0.9%*), Anticaking Agent (341(iii), Vitamins, Stabilizers (415, 466), Colours (171, 110, 102), Natural Flavouring Substances, Sweetener (955), lodised Salt, Mineral (Zinc Sulphate). ADDED ORANGE FLAVOUR.",b9b8c8d4-a76c-4ad7-8fd6-e3e4a091f1db,15000,500.0,500 g,GRAM,500,12,18 months,"Nutritional Information Per 100 g
Energy (kcal)- 389
Protein (g)- 0
Carbohydrate (g)- 93.9
Total sugars (g)- 92.9
Added sugars (g)- 92.7
Total Fat (g)- 0
Sodium (mg)- 35
Vitamin C (mg)- 264.7
Zinc (mg)- 5.2
Vitamin D (mg)- 13.5",4,False,False,4.7,273,TIER_2,1500.0,,
14/07/25 12:31:46,ec733c65-f56d-4938-8739-ba60e7ef21a6,ec733c65-f56d-4938-8739-ba60e7ef21a6,0ed3c6ae-9a69-4458-aac5-b6c3342c8954,14000,29,5900,2,2,2025-07-11T13:57:32.476Z,False,19900,14000,True,SELLABLESKU,False,Cold Drinks & Juices,Fruit Juices & Drinks,MILLILITRE,1800,MILLILITRE,13100,c41e2ad3-2dcc-42b6-829b-7e3a8e78d754,b382a8cd-5908-475c-962e-f3c397b70860,Raw Pressery Refreshers Cranberry Fruit Juice,Raw Pressery,India,Raw Pressery,,,1f7a1f4c-dd8c-449b-99d3-445370296824,19900,750.0,750 ml,MILLILITRE,750,6,12 months,,2,True,False,4.3,66,TIER_2,5900.0,,
14/07/25 12:31:46,9f82224f-becf-4474-8f6e-2cf2f61df5b2,9f82224f-becf-4474-8f6e-2cf2f61df5b2,0ed3c6ae-9a69-4458-aac5-b6c3342c8954,19800,0,0,1,1,2025-07-11T12:40:01.956Z,False,19800,19800,True,SELLABLESKU,False,Cold Drinks & Juices,Instant Drink Mixes,MILLILITRE,2600,MILLILITRE,18800,4d088b94-ba43-4bf0-a881-a573862aa0a1,ed74f9dc-3b9a-4261-8ac8-1b26a33e8cc2,Mapro Lemon Lime Juice Cordial,Mapro,India,Mapro Food Pvt. Ltd,"Mapro Food Pvt. Ltd, 122, Shendurjane, Wai 412803.","Water, Sugar, Clear Lime Juice, Acidity Regulator, Class Ii Preservatives, Permitted Synthetic Food Colour.",4ee5a4c2-0165-4e66-b4f0-d2134c7dc2cd,19800,750.0,750 ml,MILLILITRE,750,12,12 months,Typical value per 100 ml of product.Energy (kcal) - 139Carbohydrates (g) - 36Sugar (g) - 34Fat (g) - 00.01Protein (g) - 00.08,1,True,False,4.4,61,,,,
14/07/25 12:31:46,efd8867e-22ee-4f40-aa1d-8d64b633f442,efd8867e-22ee-4f40-aa1d-8d64b633f442,0ed3c6ae-9a69-4458-aac5-b6c3342c8954,14600,2,400,3,3,2025-07-11T09:58:10.886Z,False,15000,14600,True,SELLABLESKU,False,Cold Drinks & Juices,Fruit Juices & Drinks,MILLILITRE,5800,MILLILITRE,13800,c41e2ad3-2dcc-42b6-829b-7e3a8e78d754,dc3358f1-085d-4fa3-bce6-5f603d0dae0a,Raw Pressery Valencia Orange Fruit Juice,Raw Pressery,India,Rakyan Beverages Pvt. Ltd,"Rakyan Beverages Pvt. Ltd, B-12, JWC Logistic Park Pvt. Ltd., National Highway No.17 Palaspe, Panvel, Maharashtra.","ORANGE JUICE(91.8%), ORANGE PULP, CITRUS FIBER, ANTIOXIDANT / VITAMIN C ( INS 300)",788ffcea-50ef-43d6-b7f6-c40749d958ab,15000,250.0,250 ml,MILLILITRE,250,12,9 months,,3,False,False,4.6,176,TIER_2,400.0,,
14/07/25 12:31:46,d9c49c13-b0d4-4ae9-9e2a-63d050f2149c,d9c49c13-b0d4-4ae9-9e2a-63d050f2149c,0ed3c6ae-9a69-4458-aac5-b6c3342c8954,20100,19,4900,1,1,2025-07-11T14:04:52.533Z,False,25000,20100,True,SELLABLESKU,False,Cold Drinks & Juices,Soda & Mixers,MILLILITRE,6000,MILLILITRE,18100,0df54b3f-11f6-4ada-b38a-9be38ea25eba,c663cf7d-68f8-4121-91ad-c12217b39820,Estuary Vodka Blending Water,Estuary,India,Estuaries Industries Private Limited,,,27099d6f-713c-400c-9c93-35a84e2bb27f,25000,330.0,,MILLILITRE,330,6,24 months,,1,True,False,4.2,49,TIER_2,4900.0,,
14/07/25 12:31:46,c5c0ed06-f1c9-4ae1-b4ae-330c9c9538a9,c5c0ed06-f1c9-4ae1-b4ae-330c9c9538a9,0ed3c6ae-9a69-4458-aac5-b6c3342c8954,9000,0,0,2,2,2025-07-10T18:41:00.065Z,False,9000,9000,True,SELLABLESKU,False,Cold Drinks & Juices,Vegan Drinks,MILLILITRE,3600,MILLILITRE,8600,dcfd1067-a597-4ef0-81d6-9a3d1b9a2891,d42d5383-86e5-43b2-95e9-24aa03786527,So Good Coco Mama Organic Coconut Milk,So Good,India,CAVINKARE PRIVATE LIMITED,"CAVINKARE PRIVATE LIMITED, CavinKare Pvt. Ltd., Cavin ville, No. 12, Cenotaph Road, Chennai - 600 018.","Coconut water, Fructose,Vitamin C",d8f1d7a8-c1f5-4e79-ad62-44c1cec8310a,9000,250.0,250 ml,MILLILITRE,250,12,12 months,,2,False,False,4.5,148,,,,
14/07/25 12:31:46,c1838186-0540-503c-91cf-93a4017533b6,c1838186-0540-503c-91cf-93a4017533b6,0ed3c6ae-9a69-4458-aac5-b6c3342c8954,8500,15,1500,2,2,2025-07-02T00:51:36.608Z,False,10000,8500,True,SELLABLESKU,False,Cold Drinks & Juices,Instant Drink Mixes,MILLILITRE,14100,MILLILITRE,7900,4d088b94-ba43-4bf0-a881-a573862aa0a1,35d4b3de-8335-4107-b87d-69c0e08d501e,Rebound Orange Anti Hangover Drink,Rebound,India,,,,92ef3db3-f68f-41b4-9b52-9439a91c07f9,10000,60.0,,MILLILITRE,65,6,12 months,,2,True,False,4.3,67,TIER_2,1500.0,,
14/07/25 12:31:46,de66faad-e8b2-5605-8e70-1125b2583799,de66faad-e8b2-5605-8e70-1125b2583799,0ed3c6ae-9a69-4458-aac5-b6c3342c8954,26300,6,1700,2,2,2025-07-10T18:26:33.979Z,False,28000,26300,True,SELLABLESKU,False,Cold Drinks & Juices,Instant Drink Mixes,KILOGRAM,2630,KILOGRAM,25300,4d088b94-ba43-4bf0-a881-a573862aa0a1,e214d183-ee24-426d-af1f-bdfef2774a8f,Glucon-D Regular Glucose Powder | Tangy Orange Free Refill | For Tasty Glucose Drink,Glucon D,India,,,,eb7d4d1c-edf7-4c65-be3e-10df8341d0d1,28000,1.3,,KILOGRAM,1300,6,24 months,,2,True,False,4.4,665,TIER_2,1700.0,,
14/07/25 12:31:46,afd1245a-58e5-4428-9091-e07b53ea6356,afd1245a-58e5-4428-9091-e07b53ea6356,0ed3c6ae-9a69-4458-aac5-b6c3342c8954,14800,12,2200,1,1,2025-07-13T03:31:34.358Z,False,17000,14800,True,SELLABLESKU,False,Cold Drinks & Juices,Vegan Drinks,MILLILITRE,3700,MILLILITRE,14400,dcfd1067-a597-4ef0-81d6-9a3d1b9a2891,401c3fc0-2805-4ada-9759-4d4e7f011f4e,Real Thai Coconut Milk,Real Thai,THAILAND,Real Thai,,,cd818c17-ac3a-4017-845a-41154283d618,17000,400.0,,MILLILITRE,400,6,36 months,,1,True,False,5.0,56,TIER_2,2200.0,,
14/07/25 12:31:46,bbd654a0-6bce-5725-ba3e-d733c6bfd547,bbd654a0-6bce-5725-ba3e-d733c6bfd547,0ed3c6ae-9a69-4458-aac5-b6c3342c8954,8000,0,0,2,2,2025-06-27T09:32:14.529Z,False,8000,8000,True,SELLABLESKU,False,Cold Drinks & Juices,Water,MILLILITRE,1600,MILLILITRE,8000,b783925b-6b57-4750-99f6-01ea5145ec5e,d801464e-4c43-4b34-91f1-1732be9c2c6b,Evocus Hydration I.V. Electrolytes Drink - Hydration Drink | Cranberry,Evocus,india,,,,276298fd-c148-4c85-bf51-7561bdfa95ca,8000,500.0,500 ml,MILLILITRE,500,6,12 months,,2,False,False,4.7,917,,,,
14/07/25 12:31:46,95f0e7e3-ba56-49db-bb89-d4a4bfe4c7b5,95f0e7e3-ba56-49db-bb89-d4a4bfe4c7b5,0ed3c6ae-9a69-4458-aac5-b6c3342c8954,2000,0,0,19,19,2025-07-13T20:13:59.419Z,False,2000,2000,True,SELLABLESKU,False,Cold Drinks & Juices,Water,LITER,200,LITER,2000,b783925b-6b57-4750-99f6-01ea5145ec5e,ed31651d-8af1-4f57-aeba-966c3ce53144,Aquafina Drinking Water,Aquafina,India,Prithishta business Solutions Pvt. Ltd.,"Mfd. by Prithishta business Solutions Pvt. Ltd. B-65 to B-76, Sipcot Industrial Growth Centre.","Demnerauzed Treated Water, Ozone.",b9516bd7-27ab-44fd-86ef-2d4ed981fcb4,2000,1.0,1 L,LITER,1000,24,9 months,Typical value per 100 ml of product.Energy (kcal) - 0Protein (g) - 0Carbohydrates (g) - 0Sugar (g) - 0Added Sugar (g) - 0Sodium (mg) - 1Calcium (mg) - 2Magnesium (mg) - 1,19,False,False,4.8,1153,,,,
14/07/25 12:31:46,4966074c-6bef-480f-b16b-3e0432bcea91,4966074c-6bef-480f-b16b-3e0432bcea91,0ed3c6ae-9a69-4458-aac5-b6c3342c8954,13000,0,0,1,1,2025-07-12T14:02:20.791Z,False,13000,13000,True,SELLABLESKU,False,Cold Drinks & Juices,Fruit Juices & Drinks,LITER,1300,LITER,12500,c41e2ad3-2dcc-42b6-829b-7e3a8e78d754,2e63b223-3464-4317-bae7-ab437ee2d250,Tropicana Delight Pomegranate Fruit Juice,Tropicana Delight,India,VBL,,"29% Fruit Juice In Reconstituted Beverage Water, Sugar, Concentrated Fruit Juices 5.6% (Pomegranate (3.4%), Apple, Red Grape, Aronia Berry), Acidity Regulator (330), Iodised Salt, Flavour (Natural And Nature Identical Flavouring Substances), Stabilizers (466, 440), Sweetener (960A). Contain Non-Caloric Sweetener. This Contains Steviol Glycoside.",5e878456-d3f0-497c-8259-7c75f72aea3f,13000,1.0,1 L,LITER,1,24,6 months,"Serve Size: 200 ml; 5 servings in this pack 
Per 100 ml % RDA Per Serve
Energy 47 kcal 5%
Protein 0 g 
Total Fat 0 g 0%
Saturated Fat 0 g 0%
Trans Fat 0 g 0%
Carbohydrate 11.8 g 
Total Sugars^ 11.4 g 
Added Sugars 6.9 g 28%
Sodium 53 mg 5%
Potassium 51 mg 
?Approximate Values 
^Includes natural fruit sugars",1,False,False,4.5,363,,,,
14/07/25 12:31:46,b3abdb7f-671a-57db-83dc-848e001046e6,b3abdb7f-671a-57db-83dc-848e001046e6,0ed3c6ae-9a69-4458-aac5-b6c3342c8954,19900,11,2600,4,4,2025-06-13T16:20:01.477Z,False,22500,19900,True,SELLABLESKU,False,Cold Drinks & Juices,Instant Drink Mixes,GRAM,3900,GRAM,18800,4d088b94-ba43-4bf0-a881-a573862aa0a1,ad7bfa8f-b904-49eb-8a81-04f587920ce5,Rasna Native Haat Shikanji Instant Drink Mix,Rasna,India,Rasna Private Limited,,,1d5ef345-0f6c-4c89-b3e8-25434eaecc90,22500,500.0,,GRAM,500,6,24 months,,4,True,False,4.2,912,TIER_2,2600.0,,
14/07/25 12:31:46,7054431f-8600-5301-9d97-6d2463b6fa82,7054431f-8600-5301-9d97-6d2463b6fa82,0ed3c6ae-9a69-4458-aac5-b6c3342c8954,8000,0,0,3,3,2025-07-03T10:13:31.735Z,False,8000,8000,True,SELLABLESKU,False,Cold Drinks & Juices,Water,MILLILITRE,1600,MILLILITRE,8000,b783925b-6b57-4750-99f6-01ea5145ec5e,1b91272d-e3e2-418f-991d-41b8fa33d475,Evocus Hydration I.V. Electrolytes Drink - Hydration Drink | Lime & Yuzu,Evocus,india,,,,111e6420-6f1a-42bd-8b0c-e562c5662309,8000,500.0,500 ml,MILLILITRE,500,6,12 months,,3,False,False,4.2,739,,,,
14/07/25 12:31:46,353f3627-5563-5c96-9ca0-b14ebfd63966,353f3627-5563-5c96-9ca0-b14ebfd63966,0ed3c6ae-9a69-4458-aac5-b6c3342c8954,8400,15,1500,1,1,2025-07-11T11:42:15.019Z,False,9900,8400,True,SELLABLESKU,False,Cold Drinks & Juices,Soda & Mixers,MILLILITRE,3300,MILLILITRE,7700,0df54b3f-11f6-4ada-b38a-9be38ea25eba,142c605e-f2ab-4e00-b3a2-b243286fd54e,Malaki Tonic Water,Malaki,India,Malaki,"Malaki, Nirman Kendra, Unit No. 210 & 211, 2nd Floor, Lane, Dr Elijah Moses Rd, Mahalakshmi, Mumbai, 400011.",,fdc8ecfd-e98c-41ae-a02a-85ff5cf723d7,9900,250.0,250 ml,MILLILITRE,250,12,9 months,,1,False,False,4.5,544,TIER_2,1500.0,,
14/07/25 12:31:46,f6dd66e0-721a-4320-886f-0665b9634dbe,f6dd66e0-721a-4320-886f-0665b9634dbe,0ed3c6ae-9a69-4458-aac5-b6c3342c8954,12900,4,600,2,2,2025-07-04T06:15:20.140Z,False,13500,12900,True,SELLABLESKU,False,Cold Drinks & Juices,Milk Drinks,MILLILITRE,6400,MILLILITRE,11900,c5638eba-30c0-4a40-8c63-c9947fd22c16,61b9c0aa-5a9d-4043-b25e-6cd192479289,Phab 18g Protein Strawberry and Cream Milkshake,Phab,India,,,,d7c3e048-4980-44cb-8c73-41e0dacc82a3,13500,200.0,,MILLILITRE,200,6,12 months,,2,False,False,4.2,92,TIER_2,600.0,,
14/07/25 12:31:46,cdf682e9-cb65-46f2-9618-be6c6a449e6b,cdf682e9-cb65-46f2-9618-be6c6a449e6b,0ed3c6ae-9a69-4458-aac5-b6c3342c8954,9300,6,600,1,1,2025-07-12T13:40:02.841Z,False,9900,9300,True,SELLABLESKU,False,Cold Drinks & Juices,Soda & Mixers,MILLILITRE,3700,MILLILITRE,5400,0df54b3f-11f6-4ada-b38a-9be38ea25eba,2a8df1af-7e7e-4f9a-8ce6-5f1a4ad42319,Jimmy's Cocktails Mint Mojito,Jimmy's Cocktails,India,,,,0fa16edd-85c4-4b7e-b195-64400c097cc7,9900,250.0,,MILLILITRE,250,6,12 months,,1,True,False,4.7,186,TIER_2,600.0,,
14/07/25 12:31:46,486e03be-a0b4-4d70-8bc7-612f8411b4ff,486e03be-a0b4-4d70-8bc7-612f8411b4ff,0ed3c6ae-9a69-4458-aac5-b6c3342c8954,7500,0,0,4,4,2025-06-28T09:50:24.017Z,False,7500,7500,True,SELLABLESKU,False,Cold Drinks & Juices,Vegan Drinks,MILLILITRE,3700,MILLILITRE,7300,dcfd1067-a597-4ef0-81d6-9a3d1b9a2891,68eb2883-fc32-4dbf-a2c6-f8109d181683,So Good Vanilla Almond Milk,So Good,India,Life Health Foods India Pvt. Ltd,"213, Atlanta Estate, Dr. Ambedkar Chowk, Off, W.E Highway, Goregaon (E), Mumbai, Maharashtra","Water, Sugar,Almond Paste (3%), Mineral Premix (0.3%),Emulsifier,Stabiliser, Salt, Vitamin Premix Acidity Regulator",111e6d72-460b-4570-bb40-528656403b1a,7500,200.0,200 ml,MILLILITRE,200,12,12 months,,4,False,False,3.9,117,,,,
14/07/25 12:31:46,200f2a57-030e-535b-8c7f-ca1d9a08ac0e,200f2a57-030e-535b-8c7f-ca1d9a08ac0e,0ed3c6ae-9a69-4458-aac5-b6c3342c8954,23800,15,4200,2,2,2025-06-19T13:27:36.800Z,False,28000,23800,True,SELLABLESKU,False,Cold Drinks & Juices,Instant Drink Mixes,GRAM,3100,GRAM,23100,4d088b94-ba43-4bf0-a881-a573862aa0a1,b9c01a32-b05b-432d-9939-df6f4858e196,Tang Orange Instant Drink Mix,Tang,India,Swaji Nutritionals Private Limited,"Swaji Nutritionals Private Limited, Survey Nos.85/1,85/2,85/3,85/5,86/1,86/2,87/1,87/2, Medamaranahalli Village, Harohalli Hobli, Kanakapura Taluk, Ramanagara District, Ramanagara, Karnataka - 562112.","Sugar, Acidity Regulator (330), Orange Fruit Powder (0.9%*), Anticaking Agent (341(iii), Vitamins, Stabilizers (415, 466), Colours (171, 110, 102), Natural Flavouring Substances, Sweetener (955), lodised Salt, Mineral (Zinc Sulphate). ADDED ORANGE FLAVOUR.",aa49cba3-28b7-419d-ac5b-9a7d0a190fd5,28000,750.0,750 g,GRAM,750,12,18 months,"Nutritional Information Per 100 g
Energy (kcal)- 389
Protein (g)- 0
Carbohydrate (g)- 93.9
Total sugars (g)- 92.9
Added sugars (g)- 92.7
Total Fat (g)- 0
Sodium (mg)- 35
Vitamin C (mg)- 264.7
Zinc (mg)- 5.2
Vitamin D (mg)- 13.5",2,True,False,4.8,86,TIER_2,4200.0,,
14/07/25 12:31:46,8740a8eb-5fb2-529f-8262-204639bc9c68,8740a8eb-5fb2-529f-8262-204639bc9c68,0ed3c6ae-9a69-4458-aac5-b6c3342c8954,6000,0,0,1,1,2025-06-22T10:03:22.083Z,False,6000,6000,True,SELLABLESKU,False,Cold Drinks & Juices,Water,MILLILITRE,1200,MILLILITRE,6000,b783925b-6b57-4750-99f6-01ea5145ec5e,87844bb6-3541-4a52-b962-d1b4e07b8861,Fast&Up Dryp Vitamin Water | Zero Sugar - Zero Calories - Peach Flavour,Fast&up,India,,,,1b6ab679-dfc1-4205-876c-c3d11ce02938,6000,500.0,500 ml,MILLILITRE,500,6,12 months,,1,False,False,4.2,160,,,,
14/07/25 12:31:46,939b3d04-6055-4a7a-971e-be2342b66e6b,939b3d04-6055-4a7a-971e-be2342b66e6b,0ed3c6ae-9a69-4458-aac5-b6c3342c8954,11800,1,200,3,3,2025-07-02T10:21:55.434Z,False,12000,11800,True,SELLABLESKU,False,Cold Drinks & Juices,Soda & Mixers,MILLILITRE,4700,MILLILITRE,6000,0df54b3f-11f6-4ada-b38a-9be38ea25eba,da7c61b9-4821-483a-8349-cf36383311a4,"Jimmy's Cocktails Passion Fruit, Lemon and Vanilla Flavoured Cocktail Mixer",Jimmy's Cocktails,India,,,,27e87c64-c24f-4c58-87c8-9e7e1a73f517,12000,250.0,250 ml,MILLILITRE,250,6,12 months,,3,True,False,4.6,102,TIER_2,200.0,,
14/07/25 12:31:46,616f027f-990b-597f-a15a-62be3a201f4a,616f027f-990b-597f-a15a-62be3a201f4a,0ed3c6ae-9a69-4458-aac5-b6c3342c8954,12000,20,3000,1,1,2025-07-11T13:54:45.698Z,False,15000,12000,True,SELLABLESKU,False,Cold Drinks & Juices,Milk Drinks,MILLILITRE,4000,MILLILITRE,11000,c5638eba-30c0-4a40-8c63-c9947fd22c16,1960d7fb-ca6a-40de-89c9-665ce39d0a9c,Maiva Pro Strawberry 20g Plant Protein 20 Multivitamin Shake,Maiva Fresh,India,Armaara Innoventures Pvt. Ltd.,,,a662fc73-a327-4d80-af90-96bc347d0e9a,15000,300.0,,MILLILITRE,300,6,180 days,,1,False,False,4.7,595,TIER_2,3000.0,,
14/07/25 12:31:46,139cfd5b-31ec-5b9d-907a-69310d3be360,139cfd5b-31ec-5b9d-907a-69310d3be360,0ed3c6ae-9a69-4458-aac5-b6c3342c8954,12000,20,3000,2,2,2025-07-11T13:54:25.188Z,False,15000,12000,True,SELLABLESKU,False,Cold Drinks & Juices,Milk Drinks,MILLILITRE,4000,MILLILITRE,11000,c5638eba-30c0-4a40-8c63-c9947fd22c16,246300ae-6607-423d-bb24-deb2673e4a9a,Maiva Pro Chocolate 20g Plant Protein 20 Multivitamin Shake,Maiva Fresh,India,Armaara Innoventures Pvt. Ltd.,,,f664b05b-6758-4a3d-8bdc-384a4e41611b,15000,300.0,,MILLILITRE,300,6,180 days,,2,False,False,4.3,854,TIER_2,3000.0,,
14/07/25 12:31:46,bf18f2a2-ec49-5b0c-9654-4da3f8e91b89,bf18f2a2-ec49-5b0c-9654-4da3f8e91b89,0ed3c6ae-9a69-4458-aac5-b6c3342c8954,6000,0,0,1,1,2025-06-22T08:29:13.304Z,False,6000,6000,True,SELLABLESKU,False,Cold Drinks & Juices,Water,MILLILITRE,1200,MILLILITRE,6000,b783925b-6b57-4750-99f6-01ea5145ec5e,57b069ea-b341-4572-8916-a64f44fb4b44,Fast&Up Dryp Vitamin Water | Zero Sugar - Zero Calories - Apple Flavour,Fast&up,India,,,,223c8b6b-5cb7-4e96-bcb0-9f3241c9f74d,6000,500.0,500 ml,MILLILITRE,500,6,12 months,,1,False,False,4.4,114,,,,
14/07/25 12:31:46,b5f73ef2-3261-5012-bdce-623a3f0b09a4,b5f73ef2-3261-5012-bdce-623a3f0b09a4,0ed3c6ae-9a69-4458-aac5-b6c3342c8954,9000,10,1000,2,2,2025-07-11T13:57:52.672Z,False,10000,9000,True,SELLABLESKU,False,Cold Drinks & Juices,Instant Drink Mixes,MILLILITRE,15000,MILLILITRE,9000,4d088b94-ba43-4bf0-a881-a573862aa0a1,bcb400db-ec21-43dc-8084-6849d3d66493,Rebound Lemon Anti Hangover Drink,Rebound,India,Aurea Biolabs Private Limited,,,425b6f05-cf37-48b3-a749-5f5a51bb02f0,10000,60.0,,MILLILITRE,65,6,12 months,,2,True,False,4.3,664,TIER_2,1000.0,,
14/07/25 12:31:46,14aca5b8-f6e9-4774-a101-e7d6278cfeb7,14aca5b8-f6e9-4774-a101-e7d6278cfeb7,0ed3c6ae-9a69-4458-aac5-b6c3342c8954,12900,4,600,1,1,2025-07-13T16:07:58.833Z,False,13500,12900,True,SELLABLESKU,False,Cold Drinks & Juices,Milk Drinks,MILLILITRE,6400,MILLILITRE,11900,c5638eba-30c0-4a40-8c63-c9947fd22c16,f32f534b-59b1-4baf-be90-2cb4213e1682,Phab Cold Coffee 18g Protein Milkshake,Phab,India,Sun Hygiene Foods Pvt. Ltd.,,,4fe97006-4948-421a-b2be-1bbd869fc7d7,13500,200.0,,MILLILITRE,200,6,12 months,,1,False,False,4.5,124,TIER_2,600.0,,
14/07/25 12:31:46,308152d4-aefb-4ae1-bcd5-5116b90e0260,308152d4-aefb-4ae1-bcd5-5116b90e0260,0ed3c6ae-9a69-4458-aac5-b6c3342c8954,37400,9,4100,3,3,2025-07-07T13:51:14.994Z,False,41500,37400,True,SELLABLESKU,False,Cold Drinks & Juices,Instant Drink Mixes,KILOGRAM,3740,KILOGRAM,36300,4d088b94-ba43-4bf0-a881-a573862aa0a1,dcc1a430-c10d-4dec-be8a-e3305383b1af,Glucon D Nimbu Pani Glucose Powder,Glucon D,India,?Zydus Wellness Products Ltd.,"Zydus Wellness, Zydus Corporate Park, Scheme No. 63, Survey No. 536, Ahmedabad.","Glucose (52%), Sucrose (45%), Acidity Regulator (INS 330),
Natural Flavouring Substance, Mineral (Calcium Phosphate),
Edible Common Salt, Vitamin C.",3c45d527-e640-44e7-a4c7-ec2bd7e2eee0,41500,1.0,1 kg,KILOGRAM,1000,6,18 months,,3,True,False,5.0,68,TIER_2,4100.0,,
14/07/25 12:31:46,b9dac2e7-927b-5174-a67e-8c040c468da6,b9dac2e7-927b-5174-a67e-8c040c468da6,0ed3c6ae-9a69-4458-aac5-b6c3342c8954,37500,0,0,3,3,2025-07-11T12:25:07.184Z,False,37500,37500,True,SELLABLESKU,False,Cold Drinks & Juices,Soda & Mixers,MILLILITRE,5000,MILLILITRE,37400,0df54b3f-11f6-4ada-b38a-9be38ea25eba,179f98a3-a258-41f9-9577-eba97827fbcd,Perrier Imported Sparkling Water,Perrier France,France,Nestle Waters France,,,e76dcf81-93fb-4028-82c7-a369eef96750,37500,750.0,750 ml,MILLILITRE,750,12,36 months,,3,True,False,5.0,53,,,,
14/07/25 12:31:46,46abbce4-dd35-45a1-b4c3-f74dd678805c,46abbce4-dd35-45a1-b4c3-f74dd678805c,0ed3c6ae-9a69-4458-aac5-b6c3342c8954,14600,5,900,1,1,2025-07-13T07:42:13.540Z,False,15500,14600,True,SELLABLESKU,False,Cold Drinks & Juices,Vegan Drinks,LITER,1460,LITER,14000,dcfd1067-a597-4ef0-81d6-9a3d1b9a2891,601c5eea-5d8a-4795-9f63-530e23b7964f,Hershey's Kesar Pista Soy Milk,Hershey's,USA,The Hershey's Company,,,c3e27e5a-5241-47af-b7b8-f583054e8887,15500,1.0,1 L,LITER,1,8,9 months,,1,True,False,4.5,102,TIER_2,900.0,,
14/07/25 12:31:46,522d815e-d0da-4bc6-b9fd-14e530cab564,522d815e-d0da-4bc6-b9fd-14e530cab564,0ed3c6ae-9a69-4458-aac5-b6c3342c8954,23500,6,1500,2,2,2025-07-12T15:53:59.573Z,False,25000,23500,True,SELLABLESKU,False,Cold Drinks & Juices,Fruit Juices & Drinks,LITER,2350,LITER,22500,c41e2ad3-2dcc-42b6-829b-7e3a8e78d754,868dbe55-eb39-455a-b200-878e5aa6db1e,Raw Pressery Alphonso Mango Fruit Juice,Raw Pressery,,RAW PRESSERY,,,94af4e11-f255-41a8-ab17-05e46651490e,25000,1.0,1 L,LITER,1,12,9 months,,2,True,False,4.7,145,TIER_2,1500.0,,
14/07/25 12:31:46,0e663c71-7413-4844-a36a-535fa95d0c3c,0e663c71-7413-4844-a36a-535fa95d0c3c,0ed3c6ae-9a69-4458-aac5-b6c3342c8954,6000,0,0,4,4,2025-07-13T09:30:12.598Z,False,6000,6000,True,SELLABLESKU,False,Cold Drinks & Juices,Water,LITER,600,LITER,6000,b783925b-6b57-4750-99f6-01ea5145ec5e,014e0ea2-bfb8-439b-8539-70e35806f366,Bisleri Vedica Himalayan Spring Water,Bisleri,India,Quick Pick Enterprises,"Plot No-55 & 65, Pantnagar, Rudrapur - 263153.",,642f616e-6fd8-4737-8a26-7f42567192ad,6000,1.0,1 L,LITER,1000,12,24 months,,4,True,False,4.7,159,,,,
14/07/25 12:31:46,1cd25549-013e-5c7a-a633-1a8e32c1db51,1cd25549-013e-5c7a-a633-1a8e32c1db51,0ed3c6ae-9a69-4458-aac5-b6c3342c8954,20800,5,1100,3,3,2025-07-08T16:28:35.928Z,False,21900,20800,True,SELLABLESKU,False,Cold Drinks & Juices,Instant Drink Mixes,GRAM,4600,GRAM,18200,4d088b94-ba43-4bf0-a881-a573862aa0a1,eb0db879-36d4-4776-9c61-0be0fbb25822,Glucon D Nimbu Pani Glucose Powder,Glucon D,India,Zydus Wellness,"Zydus Wellness, Zydus Corporate Park, Scheme No. 63, Survey No. 536, Ahmedabad.","Glucose (52%), Sucrose (45%), Acidity Regulator (INS 330),
Natural Flavouring Substance, Mineral (Calcium Phosphate),
Edible Common Salt, Vitamin C.",7429d2dd-7c17-4409-9d1f-770d5326d360,21900,450.0,450 g,GRAM,450,8,18 months,,3,True,False,5.0,70,TIER_2,1100.0,,
14/07/25 12:31:46,d1aec85e-0284-4665-a1a3-0900d71a57b0,d1aec85e-0284-4665-a1a3-0900d71a57b0,0ed3c6ae-9a69-4458-aac5-b6c3342c8954,6000,0,0,2,2,2025-07-05T17:17:54.934Z,False,6000,6000,True,SELLABLESKU,False,Cold Drinks & Juices,Soda & Mixers,MILLILITRE,2000,MILLILITRE,5300,0df54b3f-11f6-4ada-b38a-9be38ea25eba,32969618-a2bc-445d-8ad6-68aa3aa5f1a8,Cravova Peach Mojito,Cravova,India,Cravova,,,8d488262-a384-4dac-bc45-bffbec4580c5,6000,300.0,300 ml,MILLILITRE,300,16,6 months,,2,True,False,4.6,221,,,,
14/07/25 12:31:49,1b3e318f-a8cc-40e0-a46d-b3d50d2900ed,1b3e318f-a8cc-40e0-a46d-b3d50d2900ed,0ed3c6ae-9a69-4458-aac5-b6c3342c8954,16500,0,0,2,2,2025-07-02T10:28:43.325Z,False,16500,16500,True,SELLABLESKU,False,Cold Drinks & Juices,Vegan Drinks,MILLILITRE,4100,MILLILITRE,15600,dcfd1067-a597-4ef0-81d6-9a3d1b9a2891,d0b6c689-338f-4abd-b58f-e373f0726ab4,KLF Coconad Coconut Milk,KLF,India,KLF Nirmal Industries Pvt Ltd,"KLF Nirmal Industries Pvt Ltd, Fr. Dismas Road, Near Christ College, Irinjalakuda, Kerala 680121.",,aac295dd-8e2a-48f8-bf09-c90ea72996bf,16500,400.0,400 ml,MILLILITRE,400,12,24 months,,2,False,False,4.7,991,,,,
14/07/25 12:31:49,f2671bc9-c352-44c2-a658-a7dc2af969d2,f2671bc9-c352-44c2-a658-a7dc2af969d2,0ed3c6ae-9a69-4458-aac5-b6c3342c8954,7400,47,6600,2,2,2025-07-13T11:37:21.350Z,False,14000,7400,True,SELLABLESKU,False,Cold Drinks & Juices,Fruit Juices & Drinks,LITER,740,LITER,7100,c41e2ad3-2dcc-42b6-829b-7e3a8e78d754,c6c32f76-d3d4-49a1-a5f8-82834e119149,B Natural Guava Fruit Juice,B Natural,India,ITC Limited,"ITC Limited, 37, J.L. Nehru Road, Kolkata- 700071.","Water, Sugar, Pink Guava Pulp (12.5%), White Guava Pulp (12.5%), Stabilizer (INS 440), Acidity Regulator (INS 330, INS 296), Antioxidants (INS 300) and Salt.",cffdaf65-2235-4cc0-96b7-dab132fa7da0,14000,1.0,1 L,LITER,1,6,9 months,,2,False,False,4.4,701,TIER_2,6600.0,,
14/07/25 12:31:49,f617bbb2-92a2-45ea-98e8-06fef1531c6c,f617bbb2-92a2-45ea-98e8-06fef1531c6c,0ed3c6ae-9a69-4458-aac5-b6c3342c8954,15300,10,1700,4,4,2025-07-13T09:29:05.112Z,False,17000,15300,True,SELLABLESKU,False,Cold Drinks & Juices,Instant Drink Mixes,GRAM,3000,GRAM,13200,4d088b94-ba43-4bf0-a881-a573862aa0a1,ad819a09-2cb9-4eab-aec2-a28064d8d513,Tang Mango Instant Drink Mix,Tang,,Swaji Nutritionals Private Limited,"Swaji Nutritionals Private Limited, Survey Nos.85/1,85/2,85/3,85/5,86/1,86/2,87/1,87/2, Medamaranahalli Village, Harohalli Hobli, Kanakapura Taluk, Ramanagara District, Ramanagara, Karnataka - 562112.","Sugar, Acidity Regulator (330), Stabilizers (415,466), Mango Fruit
Powder (0.9%*), Flavour (Natural and Nature Identical Flavouring Substances), Anticaking Agent (341 (iii)), Vitamins, Colours (171, 150d, 102, 110), Sweetener (955), Mineral (Zinc Sulphate). ADDED MANGO FLAVOUR.",53a3c8f4-c140-4f42-ac1c-78434f61bed9,17000,500.0,500 g,GRAM,500,12,18 months,"Nutritional Information Per 100 g
Energy (kcal)- 389
Protein (g)- 0.1
Carbohydrate (g)- 96.7
Total sugars (g)- 94.6
Added sugars (g)- 94.2
Total Fat (g)- 0
Sodium (mg)- 76
Vitamin C (mg)- 264.7
Zinc (mg)- 5.2
Vitamin D (mg)- 13.5",4,True,False,3.9,152,TIER_2,1700.0,,
14/07/25 12:31:49,27045270-9ba5-4ad0-87be-fce379074cc3,27045270-9ba5-4ad0-87be-fce379074cc3,0ed3c6ae-9a69-4458-aac5-b6c3342c8954,7500,0,0,2,2,2025-06-11T10:17:32.789Z,False,7500,7500,True,SELLABLESKU,False,Cold Drinks & Juices,Vegan Drinks,MILLILITRE,3700,MILLILITRE,7500,dcfd1067-a597-4ef0-81d6-9a3d1b9a2891,c41cf27e-7776-4336-993b-a8694a922298,So Good Plant Based Oat Beverage,So Good,India,LHF,,,df112785-0f4b-4948-89b4-165bd31943a1,7500,200.0,200 ml,MILLILITRE,200,6,12 months,,2,False,False,4.9,70,,,,
14/07/25 12:31:49,fad5ae25-2eda-5846-842c-d70020fef2d4,fad5ae25-2eda-5846-842c-d70020fef2d4,0ed3c6ae-9a69-4458-aac5-b6c3342c8954,12000,20,3000,1,1,2025-07-11T13:54:26.875Z,False,15000,12000,True,SELLABLESKU,False,Cold Drinks & Juices,Milk Drinks,MILLILITRE,4000,MILLILITRE,11000,c5638eba-30c0-4a40-8c63-c9947fd22c16,d2d92302-ee0d-41ce-9b5e-4f15f8a93d4e,Maiva Pro Vanilla 20g Plant Protein 20 Multivitamin VEGan Shake,Maiva Fresh,India,Armaara Innoventures Pvt. Ltd.,,,e961d29d-dfa4-47c1-b81a-c7188508b75d,15000,300.0,,MILLILITRE,300,6,180 days,,1,False,False,4.5,388,TIER_2,3000.0,,
14/07/25 12:31:49,84d519a1-65e1-4ecc-99b4-7fd8c3d2740b,84d519a1-65e1-4ecc-99b4-7fd8c3d2740b,0ed3c6ae-9a69-4458-aac5-b6c3342c8954,2000,50,2000,3,3,2025-07-12T10:16:51.153Z,False,4000,2000,True,SELLABLESKU,False,Cold Drinks & Juices,Fruit Juices & Drinks,MILLILITRE,1000,MILLILITRE,2000,c41e2ad3-2dcc-42b6-829b-7e3a8e78d754,2f4881f9-3824-4789-9128-8168d0a00bfc,Raw Pressery Sugarcane Juice,Raw Pressery,India,,,,64d9e2dd-f030-4e04-9e63-627e2a8f4501,4000,200.0,,MILLILITRE,200,6,7 months,,3,False,False,4.0,183,TIER_2,2000.0,,
14/07/25 12:31:49,ab9aafad-59d5-459f-a419-6550e199b8e5,ab9aafad-59d5-459f-a419-6550e199b8e5,0ed3c6ae-9a69-4458-aac5-b6c3342c8954,5800,3,200,7,7,2025-07-13T09:15:09.448Z,False,6000,5800,True,SELLABLESKU,False,Cold Drinks & Juices,Soda & Mixers,MILLILITRE,1900,MILLILITRE,5300,0df54b3f-11f6-4ada-b38a-9be38ea25eba,d99f51cb-3863-454a-9ab8-9482b6e393c3,Schweppes Ginger Ale,Schweppes,India,HINDUSTAN COCA-COLA BEVERAGES PVT,"HINDUSTAN COCA-COLA BEVERAGES PVT. , 1105/7/8/33, PIRANGUT, TAL. MULSHI DIST, PUNE- 412 111, MAHARASHTRA.","Energy- 32 Kcal, Carbohydrate- 8%, Sugar-8%,",01ad3ca3-b080-4cbf-8e11-2809d98c30f7,6000,300.0,300 ml,MILLILITRE,300,16,12 months,Typical value per 100 ml of product.Energy (kcal) - 36Protein (g) - 0Carbohydrates (g) - 9Sugar (g) - 9Fat (g) - 0,7,False,False,4.8,1147,TIER_2,200.0,,
14/07/25 12:31:49,a89f160a-f479-44fc-af48-645438aca805,a89f160a-f479-44fc-af48-645438aca805,0ed3c6ae-9a69-4458-aac5-b6c3342c8954,36000,39,23900,4,4,2025-07-11T13:57:23.929Z,False,59900,36000,True,SELLABLESKU,False,Cold Drinks & Juices,Soft Drinks,MILLILITRE,7200,MILLILITRE,36000,dff3658b-c351-4e7f-8196-e98d0c66d99e,d5932202-b5bd-466f-87d6-51fc68973357,Prime Hydration Imported Lemon and Lime Soft Drink,Prime Hydration,UNITED KINGDOM,PRIME HYDRATION UK LTD,,,f0feffd6-fda0-453b-a3a7-d5f5d6785681,59900,500.0,,MILLILITRE,500,6,13 months,,4,True,False,4.0,52,TIER_2,23900.0,,
14/07/25 12:31:49,973a2bb4-ae0f-5627-9535-213149d5b97d,973a2bb4-ae0f-5627-9535-213149d5b97d,0ed3c6ae-9a69-4458-aac5-b6c3342c8954,15300,10,1700,4,4,2025-06-21T08:58:51.893Z,False,17000,15300,True,SELLABLESKU,False,Cold Drinks & Juices,Instant Drink Mixes,GRAM,3000,GRAM,14800,4d088b94-ba43-4bf0-a881-a573862aa0a1,f957a092-7430-4b0b-b511-2894444220df,Tang Lemon Instant Drink Mix,Tang,India,Swaji Nutritionals Private Limited,"Swaji Nutritionals Private Limited, Survey Nos.85/1,85/2,85/3,85/5,86/1,86/2,87/1,87/2, Medamaranahalli Village, Harohalli Hobli, Kanakapura Taluk, Ramanagara District, Ramanagara, Karnataka - 562112.","Sugar, Acidity Regulator (330), Lemon Fruit Powder (0.9%*), lodised Salt, Vitamins, Anticaking Agent (341 (iii)), Flavour (Natural and Nature Identical Flavouring Substances), Stabilizers (415, 466), Sweetener (955), Mineral (Zinc Sulphate), Colour (171). ADDED LEMON FLAVOUR.
THIS CONTAINS SUCRALOSE. CONTAINS NON-CALORIC SWEETENER",f8a8add7-8867-4f44-abf9-ed2dd25a8250,17000,500.0,500 g,GRAM,500,12,18 months,"Nutritional Information Per 100 g
Energy (kcal)- 388
Protein (g)- 0
Carbohydrate (g)- 93.6
Total sugars (g)- 92.8
Added sugars (g)- 92.6
Total Fat (g)- 0
Sodium (mg)- 334
Vitamin C (mg)- 264.7
Zinc (mg)- 5.2
Vitamin D (mg)- 13.5",4,False,False,5.0,99,TIER_2,1700.0,,
14/07/25 12:31:49,d65b9549-5a7d-4406-8884-42bc2ff8209f,d65b9549-5a7d-4406-8884-42bc2ff8209f,0ed3c6ae-9a69-4458-aac5-b6c3342c8954,12200,9,1300,2,2,2025-07-04T06:15:03.834Z,False,13500,12200,True,SELLABLESKU,False,Cold Drinks & Juices,Milk Drinks,MILLILITRE,6700,MILLILITRE,11400,c5638eba-30c0-4a40-8c63-c9947fd22c16,6b232b28-82c5-48b5-b426-6b8b27de4d8c,Phab 18g Protein Mango Magic Milkshake,Phab,India,,,,270160a7-91fb-4de9-a913-a1b583ef253d,13500,180.0,180 ml,MILLILITRE,180,6,12 months,,2,False,False,4.8,90,TIER_2,1300.0,,
14/07/25 12:31:49,c83cdc84-46f6-43cc-b8d3-c72ca8691f84,c83cdc84-46f6-43cc-b8d3-c72ca8691f84,0ed3c6ae-9a69-4458-aac5-b6c3342c8954,5500,0,0,12,12,2025-07-14T06:05:18.374Z,False,5500,5500,True,SELLABLESKU,False,Cold Drinks & Juices,Soda & Mixers,MILLILITRE,700,MILLILITRE,5300,0df54b3f-11f6-4ada-b38a-9be38ea25eba,c19c8bc7-3f60-439e-83e7-5032e953bfa5,Catch Lemon Diet Soda,Catch,,DS Group,,,163b53ad-bbd0-4336-93fa-8eca453a5c2a,5500,750.0,750 ml,MILLILITRE,750,12,123 days,,12,False,False,4.9,314,,,,
14/07/25 12:31:49,f0f22745-c210-42a1-8cfe-2b5059f50829,f0f22745-c210-42a1-8cfe-2b5059f50829,0ed3c6ae-9a69-4458-aac5-b6c3342c8954,24000,0,0,6,6,2025-07-13T22:46:41.669Z,False,24000,24000,True,SELLABLESKU,False,Cold Drinks & Juices,Soft Drinks,LITER,800,LITER,23300,dff3658b-c351-4e7f-8196-e98d0c66d99e,ec377482-1b98-473e-bee3-b9da6fc65145,Lahori Zeera Carbonated Soft Drink,Lahori Zeera,India,Lahori,,,5ea100b7-0055-4184-85c0-26551367c991,24000,3.84,24 x 160 ml,LITER,3840,6,121 days,,6,True,False,4.8,363,,,,
14/07/25 12:31:49,9fe4f691-68cf-422a-adf8-95d9c1186a2b,9fe4f691-68cf-422a-adf8-95d9c1186a2b,0ed3c6ae-9a69-4458-aac5-b6c3342c8954,2000,0,0,2,2,2025-07-10T13:59:32.358Z,False,2000,2000,True,SELLABLESKU,False,Cold Drinks & Juices,Water,LITER,200,LITER,2000,b783925b-6b57-4750-99f6-01ea5145ec5e,403ff5b3-0612-44db-8e95-83d94733cb6f,Dasani Mineral Water,Dasani,India,Coca Cola,,,c8286a69-1f68-40c3-a950-d943f7a6f912,2000,1.0,1 L,LITER,1000,12,12 months,,2,False,False,5.0,80,,,,
14/07/25 12:31:49,6f45ae54-eb97-4d02-b801-3f4d2d9e529d,6f45ae54-eb97-4d02-b801-3f4d2d9e529d,0ed3c6ae-9a69-4458-aac5-b6c3342c8954,1600,20,400,6,6,2025-07-14T06:13:14.183Z,False,2000,1600,True,SELLABLESKU,False,Cold Drinks & Juices,Milk Drinks,MILLILITRE,800,MILLILITRE,1600,c5638eba-30c0-4a40-8c63-c9947fd22c16,f1d193ab-30d0-43f0-99dd-c86d559d7fbd,Mother Dairy Rabri Lassi,Mother Dairy,India,,,,47eff7bb-47d8-4f7a-8273-f603e1f15d1e,2000,180.0,,MILLILITRE,180,6,15 days,,6,False,False,4.7,903,TIER_2,400.0,,
14/07/25 12:31:49,0f51f87d-652e-4eba-967f-6820091a0b5a,0f51f87d-652e-4eba-967f-6820091a0b5a,0ed3c6ae-9a69-4458-aac5-b6c3342c8954,2700,32,1300,24,24,2025-07-14T04:38:35.303Z,False,4000,2700,True,SELLABLESKU,False,Cold Drinks & Juices,Soft Drinks,MILLILITRE,300,MILLILITRE,2700,dff3658b-c351-4e7f-8196-e98d0c66d99e,7263fa53-aec7-4250-84f9-b1ef77389a6d,Coke Zero Cola Diet Soft Drink,Coke Zero,India,Coca-Cola India Pvt Ltd,"Coca-Cola India Pvt Ltd, 1109/7/8/33, Piramat, Tal Mulshi, Pune, 412111, Maharashtra.",,99b2d372-a6dc-475d-99e4-45227d432522,4000,750.0,750 ml,MILLILITRE,750,24,124 days,,24,False,False,4.6,5529,TIER_2,1300.0,,
14/07/25 12:31:49,2a96eaee-44a4-5dcc-a318-cdbd58599cac,2a96eaee-44a4-5dcc-a318-cdbd58599cac,0ed3c6ae-9a69-4458-aac5-b6c3342c8954,7900,50,7900,3,3,2025-07-12T10:27:35.805Z,False,15800,7900,True,SELLABLESKU,False,Cold Drinks & Juices,Fruit Juices & Drinks,MILLILITRE,1000,MILLILITRE,7700,c41e2ad3-2dcc-42b6-829b-7e3a8e78d754,a2aede46-f040-4b80-9005-b07e0e24442d,B Natural Mixed Fruit | No Added Sugar,B Natural,India,,,,febb8844-9ca8-4b96-bd3f-9172fb127c4d,15800,750.0,750 ml,MILLILITRE,750,6,9 months,,3,True,False,4.4,546,TIER_2,7900.0,,
14/07/25 12:31:49,f1d2aeb4-da3e-58f5-ac09-327958aeef6e,f1d2aeb4-da3e-58f5-ac09-327958aeef6e,0ed3c6ae-9a69-4458-aac5-b6c3342c8954,37400,9,4100,2,2,2025-07-10T14:44:12.064Z,False,41500,37400,True,SELLABLESKU,False,Cold Drinks & Juices,Instant Drink Mixes,KILOGRAM,3740,KILOGRAM,36300,4d088b94-ba43-4bf0-a881-a573862aa0a1,250eb50a-1d99-4da6-949a-733b99ecf33e,Glucon D Mango Blast Glucose Powder,Glucon D,India,,,,4cc1b6c9-02fb-49d2-8a33-7ad93d891c23,41500,1.0,,KILOGRAM,1000,6,18 months,,2,True,False,4.6,51,TIER_2,4100.0,,
14/07/25 12:31:49,1a43206d-b043-4fa8-858d-b3fa391fd23f,1a43206d-b043-4fa8-858d-b3fa391fd23f,0ed3c6ae-9a69-4458-aac5-b6c3342c8954,11800,12,1700,1,1,2025-07-12T10:17:30.991Z,False,13500,11800,True,SELLABLESKU,False,Cold Drinks & Juices,Vegan Drinks,MILLILITRE,4700,MILLILITRE,11500,dcfd1067-a597-4ef0-81d6-9a3d1b9a2891,44d44593-eabb-4cf9-9bc4-5cdf9752c007,Real Thai Imported Coconut Milk,Real Thai,THAILAND,Real Thai,,,d50c13af-acc0-4a01-924b-71fb699fae98,13500,250.0,,MILLILITRE,250,6,18 months,,1,False,False,4.0,69,TIER_2,1700.0,,
14/07/25 12:31:49,4b56d5ef-1a35-559a-92ef-210cef9f00b4,4b56d5ef-1a35-559a-92ef-210cef9f00b4,0ed3c6ae-9a69-4458-aac5-b6c3342c8954,23500,7,2000,3,3,2025-06-28T08:40:17.678Z,False,25500,23500,True,SELLABLESKU,False,Cold Drinks & Juices,Instant Drink Mixes,KILOGRAM,2350,KILOGRAM,21200,4d088b94-ba43-4bf0-a881-a573862aa0a1,a62c6208-498b-44ac-b61b-62841741b89b,Glucon D Glucose Powder,Glucon D,India,?Zydus Wellness Products Ltd.,,,f6ff3619-a691-49f3-99de-7ae094ac73a0,25500,1.0,1 kg,KILOGRAM,1000,6,24 months,,3,True,False,5.0,50,TIER_2,2000.0,,
14/07/25 12:31:49,87c7d2ec-d19e-4f09-afa9-b44b06f0d47f,87c7d2ec-d19e-4f09-afa9-b44b06f0d47f,0ed3c6ae-9a69-4458-aac5-b6c3342c8954,6700,4,300,3,3,2025-07-11T11:59:05.709Z,False,7000,6700,True,SELLABLESKU,False,Cold Drinks & Juices,Fruit Juices & Drinks,MILLILITRE,3300,MILLILITRE,6400,c41e2ad3-2dcc-42b6-829b-7e3a8e78d754,38337cf5-f205-41d2-a730-76d836fcd094,Raw Pressery Tender Coconut Water,Raw Pressery,India,Rakyan Beverages Pvt. Ltd,"Rakyan Beverages Pvt. Ltd, B-12, JWC Logistic Park Pvt. Ltd., National Highway No.17 Palaspe, Panvel, Maharashtra.","Coconut Water (100%), Bio-Preservative (INS 234)",7e156d4a-46db-47af-95be-f7b3897c1056,7000,200.0,200 ml,MILLILITRE,200,12,7 months,Calories: 49.56 kcalTotal fat: 0.36 gSodium: 23 mgTotal carbohydrates: 11.2 gDietary fibre: 1.7 gNatural sugar: 8.8 gAdded sugar: 0.00gProtein: 0.38 gVitamin A: 7 mcgVitamin C: 2.98 mcgCalcium: 54.3 gIron: 0.074 gPotassium: 302.8 mg�,3,False,False,4.6,741,TIER_2,300.0,,
14/07/25 12:31:49,adaa0848-5ea8-40e7-87ab-3f730c337207,adaa0848-5ea8-40e7-87ab-3f730c337207,0ed3c6ae-9a69-4458-aac5-b6c3342c8954,11600,3,400,1,1,2025-07-12T13:40:02.831Z,False,12000,11600,True,SELLABLESKU,False,Cold Drinks & Juices,Soda & Mixers,MILLILITRE,4600,MILLILITRE,6000,0df54b3f-11f6-4ada-b38a-9be38ea25eba,9637c781-ca8a-499a-91ce-dc38325453e5,Jimmy's Cocktails Whiskey Sour Assorted Flavoured Cocktail Mixer,Jimmy's Cocktails,India,Radiohead Brands Pvt Ltd,"Radiohead Brands Pvt Ltd, Unit No. 40, 1st Floor, MGF Metropolis Mall, MG Road, Gurugram, Haryana, 122002.","Water, Sugar, Orange Juice Concentrate (3%), Lemon Juice Concentrate (0.5%), Acidity Regulator (INS33-, INS331), Antioxidant Ascrbic Acid), Stabilizer (INS440, INS414, INS445), Permitted Class II Preservative (INS211) Equivalent to (17.5%) of total fruit Juice Content.",b2b94dca-fe97-42d1-a00a-051e2ce5beea,12000,250.0,250 ml,MILLILITRE,250,24,12 months,,1,True,False,4.8,172,TIER_2,400.0,,
14/07/25 12:31:49,ed366df2-2b5e-4183-8ecb-8014f9dbbfbc,ed366df2-2b5e-4183-8ecb-8014f9dbbfbc,0ed3c6ae-9a69-4458-aac5-b6c3342c8954,12600,10,1400,4,4,2025-07-10T12:57:02.205Z,False,14000,12600,True,SELLABLESKU,False,Cold Drinks & Juices,Instant Drink Mixes,GRAM,2500,GRAM,11400,4d088b94-ba43-4bf0-a881-a573862aa0a1,a641d937-0b54-4ffa-adc6-6709d529d7e3,Glucon D Glucose Powder,Glucon D,India,Zydus Wellness,"Zydus Wellness, Zydus Corporate Park, Scheme No. 63, Survey No. 536, Ahmedabad.","Dextrose (Glucose) (99.4%), Minerals (Calcium Phosphates) and Vitamin D2.",181cf124-f668-4b43-84a6-169c06d973e7,14000,500.0,500 g,GRAM,500,12,24 months,,4,False,False,4.6,641,TIER_2,1400.0,,
14/07/25 12:31:49,f2a8f599-c2f2-5098-b843-4d1eb7af38ee,f2a8f599-c2f2-5098-b843-4d1eb7af38ee,0ed3c6ae-9a69-4458-aac5-b6c3342c8954,7500,0,0,2,2,2025-07-13T19:31:58.070Z,False,7500,7500,True,SELLABLESKU,False,Cold Drinks & Juices,Vegan Drinks,MILLILITRE,3700,MILLILITRE,7100,dcfd1067-a597-4ef0-81d6-9a3d1b9a2891,b74b314e-d00f-4b4f-86cc-9b15f3ad5e2c,So Good Caramel Oat Milk,So Good,India,??Schreiber Dynamix Dairies Private Limited,,,9c640cdb-aade-4af1-a576-7e21e87da9f0,7500,200.0,200 ml,MILLILITRE,200,6,12 months,,2,False,False,4.7,57,,,,
14/07/25 12:31:49,f0fc5577-7515-57c2-9b1e-e3ae8b04d34e,f0fc5577-7515-57c2-9b1e-e3ae8b04d34e,0ed3c6ae-9a69-4458-aac5-b6c3342c8954,8000,0,0,2,2,2025-06-27T09:32:16.522Z,False,8000,8000,True,SELLABLESKU,False,Cold Drinks & Juices,Water,MILLILITRE,1600,MILLILITRE,8000,b783925b-6b57-4750-99f6-01ea5145ec5e,d2c13c4d-2fca-4f11-9dad-75935ab9fb58,Evocus Hydration I.V. Electrolytes Drink - Hydration Drink | Tangerine,Evocus,india,,,,bf89128f-8814-451f-be0e-c7c9953f8177,8000,500.0,500 ml,MILLILITRE,500,6,12 months,,2,False,False,4.4,900,,,,
14/07/25 12:31:49,43d45dfe-7844-549d-9c51-2738a21598f3,43d45dfe-7844-549d-9c51-2738a21598f3,0ed3c6ae-9a69-4458-aac5-b6c3342c8954,5500,8,500,1,1,2025-07-12T16:20:15.595Z,False,6000,5500,True,SELLABLESKU,False,Cold Drinks & Juices,Soda & Mixers,MILLILITRE,2200,MILLILITRE,5100,0df54b3f-11f6-4ada-b38a-9be38ea25eba,b1f5b3f3-5c9b-4660-bb56-564987b84d83,Malaki Soda Water,Malaki,India,Water Brewing Private Limited,,,3d631d24-27f0-4420-8b93-d65cefd53dc7,6000,250.0,,MILLILITRE,250,6,12 months,,1,False,False,4.6,635,TIER_2,500.0,,
14/07/25 12:31:49,cec3fe09-580e-4521-982a-787316146b3f,cec3fe09-580e-4521-982a-787316146b3f,0ed3c6ae-9a69-4458-aac5-b6c3342c8954,3800,5,200,1,1,2025-07-11T12:59:39.779Z,False,4000,3800,True,SELLABLESKU,False,Cold Drinks & Juices,Vegan Drinks,MILLILITRE,2100,MILLILITRE,3700,dcfd1067-a597-4ef0-81d6-9a3d1b9a2891,5f774429-1248-4bc4-a31e-61e7eb4b1c6b,Sofit Vanilla Soy Milk,Sofit,India,Sofit,,,fb7a3358-0254-4b44-acf4-bd5226d6659d,4000,180.0,180 ml,MILLILITRE,200,12,9 months,,1,False,False,4.7,397,TIER_2,200.0,,
14/07/25 12:31:49,cd89ff67-e0cd-5b8c-94a5-066736a8d69d,cd89ff67-e0cd-5b8c-94a5-066736a8d69d,0ed3c6ae-9a69-4458-aac5-b6c3342c8954,7900,50,7900,3,3,2025-07-12T09:29:28.706Z,False,15800,7900,True,SELLABLESKU,False,Cold Drinks & Juices,Fruit Juices & Drinks,MILLILITRE,1000,MILLILITRE,7700,c41e2ad3-2dcc-42b6-829b-7e3a8e78d754,38c4015b-5475-40ab-b04e-5655e63c26d0,B Natural Guava | No Added Sugar,B Natural,India,,,,964d2019-75ba-41e7-97a4-e3e28fdfd679,15800,750.0,750 ml,MILLILITRE,750,6,180 days,,3,True,False,4.2,526,TIER_2,7900.0,,
14/07/25 12:31:49,072398c1-136b-4a51-841c-72f171c1c4a8,072398c1-136b-4a51-841c-72f171c1c4a8,0ed3c6ae-9a69-4458-aac5-b6c3342c8954,36000,39,23900,2,2,2025-07-11T13:57:26.743Z,False,59900,36000,True,SELLABLESKU,False,Cold Drinks & Juices,Non-Alcoholic & Energy Drink,MILLILITRE,7200,MILLILITRE,35400,c6bba2b2-6b2d-4bd4-ae3d-adb6f9383393,1264c888-0e5a-4fad-b8b8-bdbd2b2b5416,Prime Hydration Orange Energy Drink,Prime Hydration,United Kingdom,PRIME HYDRATION UK LTD,,,186638ca-eb4c-451d-bff5-821fb5f86a21,59900,500.0,,MILLILITRE,500,6,12 months,,2,True,False,4.2,866,TIER_2,23900.0,,
14/07/25 12:31:49,56c4948c-9e24-4574-a79c-17524690d449,56c4948c-9e24-4574-a79c-17524690d449,0ed3c6ae-9a69-4458-aac5-b6c3342c8954,59400,0,500,2,2,2025-07-11T14:00:51.218Z,False,59900,59400,True,SELLABLESKU,False,Cold Drinks & Juices,Non-Alcoholic & Energy Drink,MILLILITRE,11800,MILLILITRE,59400,c6bba2b2-6b2d-4bd4-ae3d-adb6f9383393,01afaed1-13da-4d82-a11c-31e9e3db069b,Prime Hydration Imported Ice Pop Sport Drink,Prime Hydration,UNITED KINGDOM,PRIME HYDRATION UK LTD,,,e4944e82-e092-478b-afb5-ce481f692515,59900,500.0,,MILLILITRE,500,6,28 months,,2,True,False,4.1,76,TIER_2,500.0,,
14/07/25 12:31:49,88c92373-5988-438b-bba1-1abaeeef1f03,88c92373-5988-438b-bba1-1abaeeef1f03,0ed3c6ae-9a69-4458-aac5-b6c3342c8954,7400,50,7400,1,1,2025-07-10T13:12:23.115Z,False,14800,7400,True,SELLABLESKU,False,Cold Drinks & Juices,Fruit Juices & Drinks,MILLILITRE,900,MILLILITRE,7200,c41e2ad3-2dcc-42b6-829b-7e3a8e78d754,940dd4a1-5472-442b-98d2-95b622eafc39,B Natural Tender Coconut Water,B Natural,India,ITC,,,33b13341-9f41-40d1-94f4-0be337e8d208,14800,750.0,750 ml,MILLILITRE,750,6,9 months,,1,True,False,4.9,112,TIER_2,7400.0,,
14/07/25 12:31:49,60054db0-d7af-4a20-8eea-6a455b72da32,60054db0-d7af-4a20-8eea-6a455b72da32,0ed3c6ae-9a69-4458-aac5-b6c3342c8954,9900,0,0,3,3,2025-06-28T09:49:53.470Z,False,9900,9900,True,SELLABLESKU,False,Cold Drinks & Juices,Soda & Mixers,MILLILITRE,3000,MILLILITRE,9200,0df54b3f-11f6-4ada-b38a-9be38ea25eba,8b261d9d-33a9-4cf4-8dd4-2432f24e57f9,Gunsberg Grapefruit Ale,Gunsberg,,Gunsberg,,,c432a96f-c109-49f5-ae2f-b3ec4c2fc9c2,9900,330.0,325 ml,MILLILITRE,330,12,6 months,,3,False,False,4.5,168,,,,
14/07/25 12:31:49,74535b56-df20-4106-9c91-ffb3369596ae,74535b56-df20-4106-9c91-ffb3369596ae,0ed3c6ae-9a69-4458-aac5-b6c3342c8954,3500,0,0,12,12,2025-07-13T03:18:02.945Z,False,3500,3500,True,SELLABLESKU,False,Cold Drinks & Juices,Milk Drinks,MILLILITRE,1700,MILLILITRE,3400,c5638eba-30c0-4a40-8c63-c9947fd22c16,98b49f77-38ba-46bb-b60d-b0b107f1ee65,Amul Kool Cafe Milk 'N' Coffee Tin,Amul,India,Gujarat Co-Operative Milk Marketing Federation,"Gujarat Co-Operative Milk Marketing Federation, Po Box 10, Amul Dairy Road, Anand 388 001, Gujarat, India.","Standardised Milk, Sugar, Coffee.",dafac98d-ab47-49a2-84be-73cb77dd536d,3500,200.0,200 ml,MILLILITRE,200,12,12 months,,12,False,False,4.7,4283,,,,
14/07/25 12:31:51,65eee6a5-f841-5bf6-86d7-a264028eaa53,65eee6a5-f841-5bf6-86d7-a264028eaa53,0ed3c6ae-9a69-4458-aac5-b6c3342c8954,6500,0,0,2,2,2025-07-03T13:15:05.749Z,False,6500,6500,True,SELLABLESKU,False,Cold Drinks & Juices,Soft Drinks,MILLILITRE,2600,MILLILITRE,6100,dff3658b-c351-4e7f-8196-e98d0c66d99e,9efeca9e-8760-4a3f-862b-c05334efcd82,Bloody Bubbly Paan Soda,Bloody Bubbly,India,,,,35ef05d9-4ea7-49e3-b6d3-b4f4294ae416,6500,250,250 ml,MILLILITRE,259,6,16 months,,2,False,False,4.7,212,,,,
14/07/25 12:31:51,b78da878-4309-4166-887d-2db56979fc8c,b78da878-4309-4166-887d-2db56979fc8c,0ed3c6ae-9a69-4458-aac5-b6c3342c8954,8900,0,0,10,10,2025-07-14T06:10:51.789Z,False,8900,8900,True,SELLABLESKU,False,Cold Drinks & Juices,Instant Drink Mixes,GRAM,4400,GRAM,7900,4d088b94-ba43-4bf0-a881-a573862aa0a1,ae9498d2-8903-4f0a-98eb-0859ffe56f49,Glucon-D Tangy Orange Glucose Powder,Glucon D,India,Zydus Wellness,"Zydus Wellness, Zydus Corporate Park, Scheme No. 63, Survey No. 536, Ahmedabad.","Sucrose (56%), Glucose (41%), Acidity Regulator (INS 330),
Nature Identical Flavouring Substances, Mineral (Calcium Phosphate),
Edible Common Salt, Vltamin C, Synthetic Colour (INS 110).",d96ed034-87a6-431f-9053-01c5b4b21aca,8900,200,200 g,GRAM,200,12,18 months,,10,False,False,4.7,398,,,,
14/07/25 12:31:51,44241085-083b-4a43-9f17-8a7f3d91bcde,44241085-083b-4a43-9f17-8a7f3d91bcde,0ed3c6ae-9a69-4458-aac5-b6c3342c8954,11800,1,200,1,1,2025-07-11T15:57:45.733Z,False,12000,11800,True,SELLABLESKU,False,Cold Drinks & Juices,Soda & Mixers,MILLILITRE,4700,MILLILITRE,6000,0df54b3f-11f6-4ada-b38a-9be38ea25eba,a8188b2a-b19c-43c8-b76c-c42cc5c34dcf,Jimmy's Cocktails Green Apple Martini Cocktail Mixer,Jimmy's Cocktails,India,,,,28a742e6-534c-48dd-aa28-c84fe94a90c1,12000,250,,MILLILITRE,250,6,12 months,,1,True,False,4.2,112,TIER_2,200.0,,
14/07/25 12:31:51,f062ea63-b25a-4bf3-af4a-2906c8cdfbda,f062ea63-b25a-4bf3-af4a-2906c8cdfbda,0ed3c6ae-9a69-4458-aac5-b6c3342c8954,36000,39,23900,3,3,2025-07-11T14:01:41.198Z,False,59900,36000,True,SELLABLESKU,False,Cold Drinks & Juices,Non-Alcoholic & Energy Drink,MILLILITRE,7200,MILLILITRE,35400,c6bba2b2-6b2d-4bd4-ae3d-adb6f9383393,0ad38055-5a3f-4d3f-a9e5-017bd1b9989f,Prime Hydration Imported Organic Strawberry and Banana Sport Drink,Prime Hydration,United Kingdom,PRIME HYDRATION UK LTD,,,f3c91f45-e048-452c-8e81-0b2a05753aaf,59900,500,,MILLILITRE,500,6,12 months,,3,True,False,4.4,984,TIER_2,23900.0,,
14/07/25 12:31:51,2b7f8dcc-51fe-5719-aae9-a56631d36a1c,2b7f8dcc-51fe-5719-aae9-a56631d36a1c,0ed3c6ae-9a69-4458-aac5-b6c3342c8954,7700,14,1300,1,1,2025-07-12T18:05:35.914Z,False,9000,7700,True,SELLABLESKU,False,Cold Drinks & Juices,Milk Drinks,MILLILITRE,3800,MILLILITRE,7600,c5638eba-30c0-4a40-8c63-c9947fd22c16,0a0ffb54-fed5-4eba-bd14-4f469703169d,Phab Double Chocolate Protein Milkshake,Phab,India,Sun Hygiene Foods Pvt. Ltd.,,,6ddb6eab-e57d-4ed7-a747-4073148988d4,9000,200,,MILLILITRE,200,6,9 months,,1,False,False,4.2,421,TIER_2,1300.0,,
14/07/25 12:31:51,35d64ca4-1c28-52f4-af91-22348822875f,35d64ca4-1c28-52f4-af91-22348822875f,0ed3c6ae-9a69-4458-aac5-b6c3342c8954,14000,9,1500,3,3,2025-06-30T20:24:39.900Z,False,15500,14000,True,SELLABLESKU,False,Cold Drinks & Juices,Instant Drink Mixes,GRAM,2800,GRAM,13700,4d088b94-ba43-4bf0-a881-a573862aa0a1,48596ffd-af39-4581-afe1-6405e4e66234,Glucon-D Regular Glucose Powder,Glucon D,India,Zydus Wellness,"Zydus Wellness, Zydus Corporate Park, Scheme No. 63, Survey No. 536, Ahmedabad.","Dextrose (Glucose) (99.4%), Minerals (Calcium Phosphates) and Vitamin D2.",11cbb7fe-e3be-42d4-bb07-d5d31f19e62e,15500,500,500 g,GRAM,500,8,24 months,,3,False,False,4.6,106,TIER_2,1500.0,,
14/07/25 12:31:51,cac0e3f8-8ea6-45a9-a266-7d3263b29bfb,cac0e3f8-8ea6-45a9-a266-7d3263b29bfb,0ed3c6ae-9a69-4458-aac5-b6c3342c8954,59400,0,500,2,2,2025-07-11T14:00:56.025Z,False,59900,59400,True,SELLABLESKU,False,Cold Drinks & Juices,Non-Alcoholic & Energy Drink,MILLILITRE,11800,MILLILITRE,59400,c6bba2b2-6b2d-4bd4-ae3d-adb6f9383393,aaef1c3f-ff87-48a6-bfe2-55ca8564eaab,Prime Hydration Tropical Energy Drink,Prime Hydration,United Kingdom,PRIME HYDRATION UK LTD,,,a86242be-37fe-48f3-889b-dd1dd627d62f,59900,500,,MILLILITRE,500,6,12 months,,2,True,False,4.5,848,TIER_2,500.0,,
14/07/25 12:31:51,da054b42-f7b8-554e-b9a9-02ab701551da,da054b42-f7b8-554e-b9a9-02ab701551da,0ed3c6ae-9a69-4458-aac5-b6c3342c8954,8100,10,900,2,2,2025-07-11T14:01:01.179Z,False,9000,8100,True,SELLABLESKU,False,Cold Drinks & Juices,Milk Drinks,MILLILITRE,4000,MILLILITRE,7600,c5638eba-30c0-4a40-8c63-c9947fd22c16,76f27c85-8394-4a82-bd2a-704676ca9681,Phab Kulfi Caramel Protein Milkshake,Phab,India,Sun Hygiene Foods Pvt. Ltd.,,,29045b19-a578-4472-bdb2-9806bdf38778,9000,200,,MILLILITRE,200,6,9 months,,2,False,False,4.2,691,TIER_2,900.0,,
14/07/25 12:31:51,767a27bc-44ee-408e-ae68-f0c6af13c8ef,767a27bc-44ee-408e-ae68-f0c6af13c8ef,0ed3c6ae-9a69-4458-aac5-b6c3342c8954,5500,0,0,12,12,2025-07-13T09:17:19.524Z,False,5500,5500,True,SELLABLESKU,False,Cold Drinks & Juices,Soda & Mixers,MILLILITRE,700,MILLILITRE,5300,0df54b3f-11f6-4ada-b38a-9be38ea25eba,744f841f-eb61-41dc-bc1e-bf5afc5594b7,Catch Black Currant Soda,Catch,India,DS SPICECO PVT LTD,,,5717c6d2-d38d-4377-b934-208cf84010e4,5500,750,750 ml,MILLILITRE,750,12,120 days,,12,False,False,4.7,276,,,,
14/07/25 12:31:51,7b14499e-fd56-4157-84c1-7b299959e6ab,7b14499e-fd56-4157-84c1-7b299959e6ab,0ed3c6ae-9a69-4458-aac5-b6c3342c8954,59400,0,500,2,2,2025-07-11T14:01:58.237Z,False,59900,59400,True,SELLABLESKU,False,Cold Drinks & Juices,Non-Alcoholic & Energy Drink,MILLILITRE,11800,MILLILITRE,59400,c6bba2b2-6b2d-4bd4-ae3d-adb6f9383393,fc848ab5-d882-4f84-963e-52512145cd0f,Prime Hydration Blue Raspberry Energy Drink,Prime Hydration,United Kingdom,PRIME HYDRATION UK LTD,,,3431f987-f5ab-47b7-9898-cf24f915a596,59900,500,,MILLILITRE,500,6,13 months,,2,True,False,4.3,60,TIER_2,500.0,,
14/07/25 12:31:51,90c14425-1754-4ded-a5b5-2a40de719666,90c14425-1754-4ded-a5b5-2a40de719666,0ed3c6ae-9a69-4458-aac5-b6c3342c8954,9000,0,0,1,1,2025-07-10T10:42:36.517Z,False,9000,9000,True,SELLABLESKU,False,Cold Drinks & Juices,Soft Drinks,LITER,900,LITER,7900,dff3658b-c351-4e7f-8196-e98d0c66d99e,9ebf4a0b-3d68-4c8f-bb77-eee363d76949,Fresca Hazam Jeera Soft Drink,Fresca,India,Shri Bankey Behari Foods,,,22d33b63-209d-40fc-ae6f-a23452c5af1a,9000,1,1 L,LITER,1000,6,150 days,,1,False,False,3.8,100,,,,
14/07/25 12:31:51,0d77ea63-1a8e-42e9-9de1-533d61a962c2,0d77ea63-1a8e-42e9-9de1-533d61a962c2,0ed3c6ae-9a69-4458-aac5-b6c3342c8954,36000,39,23900,3,3,2025-07-11T14:00:00.057Z,False,59900,36000,True,SELLABLESKU,False,Cold Drinks & Juices,Non-Alcoholic & Energy Drink,MILLILITRE,7200,MILLILITRE,36000,c6bba2b2-6b2d-4bd4-ae3d-adb6f9383393,b1d570a8-0fcb-424e-9224-9281a19be670,Prime Hydration Strawberry and Watermelon Energy Drink,Prime Hydration,United Kingdom,PRIME HYDRATION UK LTD,,,8423e1f8-ccdf-4635-a0a9-bde7b3c2c590,59900,500,,MILLILITRE,500,6,12 months,,3,True,False,4.4,55,TIER_2,23900.0,,
14/07/25 12:31:51,ebf9cb68-3e0b-598e-8633-217f68462c38,ebf9cb68-3e0b-598e-8633-217f68462c38,0ed3c6ae-9a69-4458-aac5-b6c3342c8954,17900,29,7600,2,2,2025-06-13T17:31:04.264Z,False,25500,17900,True,SELLABLESKU,False,Cold Drinks & Juices,Instant Drink Mixes,GRAM,4400,GRAM,17300,4d088b94-ba43-4bf0-a881-a573862aa0a1,dad85e8e-dd02-403c-b74b-6a8a3dfafcc4,Dabur Health Care Lemon Glucoplus-C,Dabur Health Care,India,?Dabur India Ltd,,,d9f37e08-f432-4af8-ad48-b96f0f08d3a2,25500,400,400 g,GRAM,400,6,15 months,,2,True,False,4.5,62,TIER_2,7600.0,,
14/07/25 12:31:51,aa3182dd-ef0f-48c6-ae0c-171b17e86912,aa3182dd-ef0f-48c6-ae0c-171b17e86912,0ed3c6ae-9a69-4458-aac5-b6c3342c8954,2500,0,0,15,15,2025-07-13T23:29:30.020Z,False,2500,2500,True,SELLABLESKU,False,Cold Drinks & Juices,Soda & Mixers,MILLILITRE,300,MILLILITRE,2400,0df54b3f-11f6-4ada-b38a-9be38ea25eba,99679e71-bb05-4d5d-87e6-a2a7c0583a4c,Catch Club Soda,Catch,India,DS Group,,,35f4eb6e-4759-49f9-b6d8-97a08cea11ca,2500,750,750 ml,MILLILITRE,750,16,122 days,,15,False,False,4.8,497,,,,
14/07/25 12:31:51,4ec4f7d1-0851-480c-accd-e086f2bb9e0f,4ec4f7d1-0851-480c-accd-e086f2bb9e0f,0ed3c6ae-9a69-4458-aac5-b6c3342c8954,3000,25,1000,12,12,2025-07-14T01:28:06.393Z,False,4000,3000,True,SELLABLESKU,False,Cold Drinks & Juices,Soft Drinks,MILLILITRE,500,MILLILITRE,3000,dff3658b-c351-4e7f-8196-e98d0c66d99e,7c9afa83-185a-4a6c-b858-f5bc2939aa0a,Bisleri Limonata Lemon and Mint Soft Drink,Bisleri,India,Bisleri International Pvt Ltd,"Bisleri International Pvt Ltd, 29/33, Udayagiri Village, Devanahalli Taluk Bangalore.","Water, Sugar, Clear Lemon Juice Concentrate (0. 83%) (Equivalent To 5. 2% Clear Lemon Juice Reconstituted). Carbon Di Oxide (Ins 290), Sodium Benzoate (Ins 211), Malic Acid (Ins296), Sodium Citrate (Ins 331). Contains Fermited Synthetic Food Colour (Ins 110, Ins 102) And Added Flavours",7b34581b-ca52-4924-884b-8b78c2e7fb4d,4000,600,600 ml,MILLILITRE,600,12,120 days,Typical value per 100 mlEnergy (kcal) - 48Carbohydrates (g) - 11. 9 -Sugar (g) - 12. 5 Protein (g) - 0Fat (g) - 0Sodium (mg) - 0,12,False,False,4.6,1547,TIER_2,1000.0,,
14/07/25 12:31:51,414f8701-6191-5ac0-9d92-1e4c2f06a951,414f8701-6191-5ac0-9d92-1e4c2f06a951,0ed3c6ae-9a69-4458-aac5-b6c3342c8954,2000,0,0,2,2,2025-07-12T06:50:47.824Z,False,2000,2000,True,SELLABLESKU,False,Cold Drinks & Juices,Milk Drinks,MILLILITRE,1100,MILLILITRE,1900,c5638eba-30c0-4a40-8c63-c9947fd22c16,509306d4-7539-41db-b9f0-94d31cbf3d58,Creambell Kesar Badam Milkshake,Creambell Milkshake,India,,,,c2ffe685-2f28-4a9e-960d-dc664ea02bbe,2000,180,180 ml,MILLILITRE,180,6,180 days,,2,False,False,4.7,466,,,,
14/07/25 12:31:51,62fa720a-0762-4c1a-89ce-3a336556137f,62fa720a-0762-4c1a-89ce-3a336556137f,0ed3c6ae-9a69-4458-aac5-b6c3342c8954,36000,39,23900,2,2,2025-07-11T13:57:43.304Z,False,59900,36000,True,SELLABLESKU,False,Cold Drinks & Juices,Non-Alcoholic & Energy Drink,MILLILITRE,7200,MILLILITRE,36000,c6bba2b2-6b2d-4bd4-ae3d-adb6f9383393,58b82726-3e40-42a9-9b67-40954060e5c9,Prime Hydration Meta Moon Energy Drink,Prime Hydration,United Kingdom,PRIME HYDRATION UK LTD,,,2678d01b-4915-4996-bb46-aefd1d3cbeb1,59900,500,,MILLILITRE,500,6,12 months,,2,True,False,4.4,69,TIER_2,23900.0,,
14/07/25 12:31:51,14fcf9b1-4642-5381-b6f0-2e64c31df308,14fcf9b1-4642-5381-b6f0-2e64c31df308,0ed3c6ae-9a69-4458-aac5-b6c3342c8954,7700,3,300,2,2,2025-06-08T23:09:51.017Z,False,8000,7700,True,SELLABLESKU,False,Cold Drinks & Juices,Milk Drinks,MILLILITRE,3800,MILLILITRE,7200,c5638eba-30c0-4a40-8c63-c9947fd22c16,210b3542-2605-4f08-9bbf-7f63518c6506,Baskin Robbins Dark Chocolate Milkshake,Baskin Robbins,India,,,,48991295-d506-4ff7-8f3d-b6f86b22bdf1,8000,200,,MILLILITRE,200,6,6 months,,2,False,False,4.7,60,TIER_2,300.0,,
14/07/25 12:31:51,d60e1546-50f4-567b-996a-530574d7ff5d,d60e1546-50f4-567b-996a-530574d7ff5d,0ed3c6ae-9a69-4458-aac5-b6c3342c8954,6900,23,2100,1,1,2025-07-11T14:00:05.426Z,False,9000,6900,True,SELLABLESKU,False,Cold Drinks & Juices,Milk Drinks,MILLILITRE,3400,MILLILITRE,6600,c5638eba-30c0-4a40-8c63-c9947fd22c16,1052b43b-d43d-4fbb-9195-2f5bb6755c8c,Phab Pista Protein Milkshake,Phab,India,Sun Hygiene Foods Pvt. Ltd.,,,ef469f25-7c93-444d-8276-164a603e9a99,9000,200,,MILLILITRE,200,6,9 months,,1,False,False,4.6,439,TIER_2,2100.0,,
14/07/25 12:31:51,69ca0f14-1d7d-4bc9-a854-911cbda8c2ba,69ca0f14-1d7d-4bc9-a854-911cbda8c2ba,0ed3c6ae-9a69-4458-aac5-b6c3342c8954,24000,0,0,1,1,2025-07-13T23:35:59.081Z,False,24000,24000,True,SELLABLESKU,False,Cold Drinks & Juices,Soft Drinks,MILLILITRE,1300,MILLILITRE,23100,dff3658b-c351-4e7f-8196-e98d0c66d99e,db1bfe57-c155-49b4-bbf0-906198ace2a3,Coca Cola Soft Drink Can,Coca Cola,India,Coca-Cola India Pvt Ltd,"Coca-Cola India Pvt Ltd, 1109/7/8/33, Piramat, Tal Mulshi, Pune, 412111, Maharashtra.",,60cee92d-e34a-4108-ad62-caa518f50422,24000,1800,6 x 300 ml,MILLILITRE,300,24,8 months,,1,True,False,4.7,6912,,,,
14/07/25 12:31:51,985b965d-1ef4-56c9-afec-f449569b43f2,985b965d-1ef4-56c9-afec-f449569b43f2,0ed3c6ae-9a69-4458-aac5-b6c3342c8954,20600,5,1300,2,2,2025-06-14T01:00:35.416Z,False,21900,20600,True,SELLABLESKU,False,Cold Drinks & Juices,Instant Drink Mixes,GRAM,4500,GRAM,20100,4d088b94-ba43-4bf0-a881-a573862aa0a1,7dc8c035-1ab7-400d-bb9a-f3e1ced6607a,Glucon-D Mango Blast Glucose Powder,Glucon D,India,?Zydus Wellness Products Ltd.,"Zydus Wellness, Zydus Corporate Park, Scheme No. 63, Survey No. 536, Ahmedabad.","Sucrose (55%), Glucose (41%), Acidity Regulator (INS 330), Thickener (INS 415), Nature Identical Flavouring Substances,
Edible Common Salt, Mineral (Calcium Phosphate), Colours (INS 171, INS 110, INS 102), Sweetener (INS 955), Vitamin C.",8552f7be-110b-420f-8d91-19cddacd26de,21900,450,450 gm,GRAM,450,6,18 months,,2,True,False,5.0,53,TIER_2,1300.0,,
14/07/25 12:31:51,af455e3e-2c57-48e8-91ec-38eb381ebb49,af455e3e-2c57-48e8-91ec-38eb381ebb49,0ed3c6ae-9a69-4458-aac5-b6c3342c8954,32500,34,17400,1,1,2025-07-11T13:59:18.933Z,False,49900,32500,True,SELLABLESKU,False,Cold Drinks & Juices,Non-Alcoholic & Energy Drink,MILLILITRE,9800,MILLILITRE,32000,c6bba2b2-6b2d-4bd4-ae3d-adb6f9383393,fdebfa13-2ee8-4444-8784-31b6029890db,Prime Hydration Original Flavour Energy Drink,Prime Hydration,United Kingdom,PRIME HYDRATION UK LTD,,,54893632-5347-4bc0-81e8-d153573a75fb,49900,330,,MILLILITRE,330,6,12 months,,1,True,False,4.3,417,TIER_2,17400.0,,
14/07/25 12:31:51,46c80a56-d9e3-484f-9d8f-748755344029,46c80a56-d9e3-484f-9d8f-748755344029,0ed3c6ae-9a69-4458-aac5-b6c3342c8954,4000,0,0,24,24,2025-07-13T18:46:41.383Z,False,4000,4000,True,SELLABLESKU,False,Cold Drinks & Juices,Soft Drinks,MILLILITRE,1300,MILLILITRE,3100,dff3658b-c351-4e7f-8196-e98d0c66d99e,e76185b4-efe2-4848-b5bf-a8dafbae8eaa,Coke Zero Cola Diet Soft Drink Can,Coke Zero,India,Coca-Cola India Pvt Ltd,"Coca-Cola India Pvt Ltd, 1109/7/8/33, Piramat, Tal Mulshi, Pune, 412111, Maharashtra.",,f9fc134f-2bf8-4c75-8fd0-54ed20f881d8,4000,300,300 ml,MILLILITRE,300,24,6 months,,24,False,False,4.7,2867,,,,
14/07/25 12:31:51,237a1efa-8d2b-40b1-b2db-a4173e6a391d,237a1efa-8d2b-40b1-b2db-a4173e6a391d,0ed3c6ae-9a69-4458-aac5-b6c3342c8954,3000,0,0,12,12,2025-07-14T01:03:32.551Z,False,3000,3000,True,SELLABLESKU,False,Cold Drinks & Juices,Instant Drink Mixes,GRAM,4000,GRAM,2900,4d088b94-ba43-4bf0-a881-a573862aa0a1,bee10565-7757-4f5c-87db-46dca74a17fa,Tang Orange Instant Drink Mix,Tang,India,Swaji Nutritionals Private Limited,"Swaji Nutritionals Private Limited, Survey Nos.85/1,85/2,85/3,85/5,86/1,86/2,87/1,87/2, Medamaranahalli Village, Harohalli Hobli, Kanakapura Taluk, Ramanagara District, Ramanagara, Karnataka - 562112.","Sugar, Acidity Regulator (330), Orange Fruit Powder (0.9%*), Anticaking Agent (341(iii), Vitamins, Stabilizers (415, 466), Colours (171, 110, 102), Natural Flavouring Substances, Sweetener (955), lodised Salt, Mineral (Zinc Sulphate). ADDED ORANGE FLAVOUR.
THIS CONTAINS SUCRALOSE. CONTAINS NON-CALORIC SWEETENER",48712b9d-f809-404f-a2c4-bc84e294f18b,3000,75,75 g,GRAM,75,12,18 months,"Nutritional Information Per 100 g
Energy (kcal)- 389
Protein (g)- 0
Carbohydrate (g)- 93.9
Total sugars (g)- 92.9
Added sugars (g)- 92.7
Total Fat (g)- 0
Sodium (mg)- 35
Vitamin C (mg)- 264.7
Zinc (mg)- 5.2
Vitamin D (mg)- 13.5",12,False,False,4.8,430,,,,
14/07/25 12:31:51,0375d48e-ec93-59bb-a721-f30b96250f11,0375d48e-ec93-59bb-a721-f30b96250f11,0ed3c6ae-9a69-4458-aac5-b6c3342c8954,7700,3,300,1,1,2025-07-11T02:39:11.875Z,False,8000,7700,True,SELLABLESKU,False,Cold Drinks & Juices,Milk Drinks,MILLILITRE,3800,MILLILITRE,7200,c5638eba-30c0-4a40-8c63-c9947fd22c16,aa650023-2eaf-4408-b0fb-8b97bd7f070b,Baskin Robbins Hazelnut Chocolate Milkshake,Baskin Robbins,India,,,,0a256638-9b3d-4860-a201-591ab4f927f6,8000,200,,MILLILITRE,200,6,6 months,,1,False,False,4.1,61,TIER_2,300.0,,
14/07/25 12:31:51,e885899b-afda-56c1-abaa-60a16d356cb9,e885899b-afda-56c1-abaa-60a16d356cb9,0ed3c6ae-9a69-4458-aac5-b6c3342c8954,8900,0,0,6,6,2025-07-10T11:19:13.237Z,False,8900,8900,True,SELLABLESKU,False,Cold Drinks & Juices,Instant Drink Mixes,GRAM,4400,GRAM,8700,4d088b94-ba43-4bf0-a881-a573862aa0a1,705d0f89-24d5-41e5-b87a-c1ef016d9ffd,Glucon D Nimbu Pani Instant Drink Mix,Glucon D,India,,,,3515202b-8a3a-4b31-b79f-c46ab30628b9,8900,200,,GRAM,200,6,18 months,,6,False,False,4.7,246,,,,
14/07/25 12:31:51,6cd56267-a255-4c13-bf5b-4fbec991ede7,6cd56267-a255-4c13-bf5b-4fbec991ede7,0ed3c6ae-9a69-4458-aac5-b6c3342c8954,9900,0,0,6,6,2025-07-13T07:33:36.479Z,False,9900,9900,True,SELLABLESKU,False,Cold Drinks & Juices,Soft Drinks,LITER,495,LITER,8200,dff3658b-c351-4e7f-8196-e98d0c66d99e,a723d8af-311d-494d-946f-c18d70963227,Sprite Lemon and Lime Soft Drink,Sprite,India,Coca Cola,,,d3159067-a3e8-44aa-a215-ff937c6da7da,9900,2,2 l,LITER,2000,6,6 months,,6,False,False,4.6,3430,,,,
14/07/25 12:31:51,e2d0d447-5944-4a0a-851e-dde17830a836,e2d0d447-5944-4a0a-851e-dde17830a836,0ed3c6ae-9a69-4458-aac5-b6c3342c8954,11600,3,400,2,2,2025-07-11T16:40:41.500Z,False,12000,11600,True,SELLABLESKU,False,Cold Drinks & Juices,Soda & Mixers,MILLILITRE,4600,MILLILITRE,6000,0df54b3f-11f6-4ada-b38a-9be38ea25eba,8d34f860-1457-45e6-a16a-40ebe1fb7c43,Jimmy's Cocktails Cosmopolitan Mixer,Jimmy's Cocktails,India,Radiohead Brands Pvt Ltd,"Radiohead Brands Pvt Ltd, Unit No. 40, 1st Floor, MGF Metropolis Mall, MG Road, Gurugram, Haryana, 122002.","Water, Sugar, Cranberry juice Concerted (1.5%), Lemon Juice Concerted (1%), Orange Juice Concerted (1%) , Acidity Regulator (INS330, INS331, INS334, INS296), Antioxidant (Ascorbic acid), Stabilizer (INS440, INS414, INS445), Permitted Class II Preservative (INS211), Equivalent To (17.5%) of total fruit juice content.",0c74f7ac-bb10-43da-a15f-730fc300c4bd,12000,250,250 ml,MILLILITRE,250,24,12 months,,2,True,False,4.8,244,TIER_2,400.0,,
14/07/25 12:31:51,73df9115-6b06-42e2-ad3a-0bb3ac563f44,73df9115-6b06-42e2-ad3a-0bb3ac563f44,0ed3c6ae-9a69-4458-aac5-b6c3342c8954,2500,0,0,14,14,2025-07-14T04:34:27.177Z,False,2500,2500,True,SELLABLESKU,False,Cold Drinks & Juices,Milk Drinks,MILLILITRE,1000,MILLILITRE,2400,c5638eba-30c0-4a40-8c63-c9947fd22c16,f54732b1-8f24-45b9-8a47-48dc7957b0b4,Amul Lassi,Amul,India,Gujarat Co-Operative Milk Marketing Federation,"Gujarat Co-Operative Milk Marketing Federation, Po Box 10, Amul Dairy Road, Anand 388 001, Gujarat, India.",,9d032b88-d6d2-4012-9931-9fd365821069,2500,250,250 ml,MILLILITRE,250,16,6 months,"Approx values for 100 ml: Energy kcal 79, Total Fat 2.1g, Carbohydrate 12.8g, Added Sugar12.0 g, Protein 2.3g, Calcium 74mg",14,False,False,4.6,14067,,,,
14/07/25 12:31:51,53fac634-06b8-48b2-a52d-70a8d1b8cd25,53fac634-06b8-48b2-a52d-70a8d1b8cd25,0ed3c6ae-9a69-4458-aac5-b6c3342c8954,5900,1,100,3,3,2025-07-13T23:37:43.718Z,False,6000,5900,True,SELLABLESKU,False,Cold Drinks & Juices,Soda & Mixers,MILLILITRE,900,MILLILITRE,5700,0df54b3f-11f6-4ada-b38a-9be38ea25eba,a99b8e56-fdec-4a9a-90b0-f091bd841dc0,Paper Boat Jeera Sparkling Water,Paper Boat,India,Hector Beverages Private Limited,,,51573613-2f20-475c-86fd-0555c5c23633,6000,600,600 ml,MILLILITRE,250,6,180 days,,3,False,False,4.6,600,TIER_2,100.0,,
14/07/25 12:31:51,7c837ea9-aa21-53be-be14-d96aced5dc6f,7c837ea9-aa21-53be-be14-d96aced5dc6f,0ed3c6ae-9a69-4458-aac5-b6c3342c8954,7800,1,100,1,1,2025-07-12T03:30:23.346Z,False,7900,7800,True,SELLABLESKU,False,Cold Drinks & Juices,Instant Drink Mixes,GRAM,3100,GRAM,7700,4d088b94-ba43-4bf0-a881-a573862aa0a1,9b3147a8-5761-4540-99ba-477b74354671,Glucon-D Regular Glucose Powder,Glucon D,India,Zydus Wellness,"Zydus Wellness, Zydus Corporate Park, Scheme No. 63, Survey No. 536, Ahmedabad.","Glucose (99. 4%), Minerals (Calcium Phosphates) And Vitamin D2.",1c72a4ba-d5f2-49b4-8b90-a2e5135450b1,7900,250,250 g,GRAM,250,12,24 months,,1,False,False,4.3,883,TIER_2,100.0,,
14/07/25 12:31:51,81103b33-92c3-49e5-b9aa-075ee39abec2,81103b33-92c3-49e5-b9aa-075ee39abec2,0ed3c6ae-9a69-4458-aac5-b6c3342c8954,2700,10,300,6,6,2025-07-13T02:25:20.344Z,False,3000,2700,True,SELLABLESKU,False,Cold Drinks & Juices,Soft Drinks,MILLILITRE,900,MILLILITRE,2700,dff3658b-c351-4e7f-8196-e98d0c66d99e,f4c36265-b66d-4f93-a165-4c0222d630eb,Aloha Strawberry and Lime Flavoured Soft Drink,Aloha,India,Aloha,,,8a0054f7-859e-48e3-b718-bb067dbbe2ec,3000,300,300 ml,MILLILITRE,300,6,6 months,,6,False,False,4.4,681,TIER_2,300.0,,
14/07/25 12:31:53,adc19512-2412-4e5e-9713-34175d741efd,adc19512-2412-4e5e-9713-34175d741efd,0ed3c6ae-9a69-4458-aac5-b6c3342c8954,3000,0,0,5,5,2025-07-13T14:55:05.376Z,False,3000,3000,True,SELLABLESKU,False,Cold Drinks & Juices,Instant Drink Mixes,GRAM,4000,GRAM,2900,4d088b94-ba43-4bf0-a881-a573862aa0a1,ecf52905-92ca-4898-8d68-17b40f20583f,Tang Mango Instant Drink Mix,Tang,India,Swaji Nutritionals Private Limited,"Swaji Nutritionals Private Limited, Survey Nos.85/1,85/2,85/3,85/5,86/1,86/2,87/1,87/2, Medamaranahalli Village, Harohalli Hobli, Kanakapura Taluk, Ramanagara District, Ramanagara, Karnataka - 562112.","Sugar, Acidity Regulator (330), Stabilizers (415,466), Mango Fruit
Powder (0.9%*), Flavour (Natural and Nature Identical Flavouring Substances), Anticaking Agent (341 (iii)), Vitamins, Colours (171, 150d, 102, 110), Sweetener (955), Mineral (Zinc Sulphate). ADDED MANGO FLAVOUR.",2339c7b1-22b5-4200-a92b-89dcf8c2b82e,3000,75.0,75 g,GRAM,75,12,18 months,"Nutritional Information Per 100 g
Energy (kcal)- 389
Protein (g)- 0.1
Carbohydrate (g)- 96.7
Total sugars (g)- 94.6
Added sugars (g)- 94.2
Total Fat (g)- 0
Sodium (mg)- 76
Vitamin C (mg)- 264.7
Zinc (mg)- 5.2
Vitamin D (mg)- 13.5",5,False,False,4.6,282,,,,
14/07/25 12:31:53,032258dc-8745-41ea-894c-b8173cd1544b,032258dc-8745-41ea-894c-b8173cd1544b,0ed3c6ae-9a69-4458-aac5-b6c3342c8954,5500,0,0,3,3,2025-07-13T09:31:12.500Z,False,5500,5500,True,SELLABLESKU,False,Cold Drinks & Juices,Soda & Mixers,MILLILITRE,700,MILLILITRE,5300,0df54b3f-11f6-4ada-b38a-9be38ea25eba,9e14f33d-0db3-44ea-8640-98bd935313b1,Catch Clear Peach Soda,Catch,India,DS SPICECO PVT LTD,,,31fe7eed-982f-4ef0-920a-49ea61527db0,5500,750.0,750 ml,MILLILITRE,750,12,122 days,,3,False,False,4.7,147,,,,
14/07/25 12:31:53,d9886db9-6dc3-5f88-a199-1b7d8fcaba71,d9886db9-6dc3-5f88-a199-1b7d8fcaba71,0ed3c6ae-9a69-4458-aac5-b6c3342c8954,69000,4,3000,2,2,2025-07-09T08:25:08.215Z,False,72000,69000,True,SELLABLESKU,False,Cold Drinks & Juices,Non-Alcoholic & Energy Drink,LITER,3450,LITER,64700,c6bba2b2-6b2d-4bd4-ae3d-adb6f9383393,24c08707-d99f-46d4-bdd7-16dd9ed2b0b0,Heineken 0.0% Non Alcoholic Beer,Heineken,Singapore,,,,9f73a193-ef6e-4596-8fdb-8121c656cb37,72000,2.0,6 x 330 ml,LITER,1980,6,12 months,,2,True,False,4.3,934,TIER_2,3000.0,,
14/07/25 12:31:53,621f8a90-e135-4876-afdc-3b23e9a7fc71,621f8a90-e135-4876-afdc-3b23e9a7fc71,0ed3c6ae-9a69-4458-aac5-b6c3342c8954,2700,10,300,4,4,2025-07-13T02:25:20.352Z,False,3000,2700,True,SELLABLESKU,False,Cold Drinks & Juices,Soft Drinks,MILLILITRE,900,MILLILITRE,2700,dff3658b-c351-4e7f-8196-e98d0c66d99e,e864fd60-26cf-4598-b1e2-8b1f9e249d89,Aloha Peach Flavoured Soft Drink,Aloha,India,Aloha,,,6ca64374-7eb6-4281-939b-d1d7609fb27a,3000,300.0,300 ml,MILLILITRE,300,6,6 months,,4,False,False,4.7,487,TIER_2,300.0,,
14/07/25 12:31:53,572ff61b-ba43-485b-b0f7-3cc827ce5261,572ff61b-ba43-485b-b0f7-3cc827ce5261,0ed3c6ae-9a69-4458-aac5-b6c3342c8954,9000,0,0,14,14,2025-07-12T06:31:42.137Z,False,9000,9000,True,SELLABLESKU,False,Cold Drinks & Juices,Milk Drinks,LITER,900,LITER,8700,c5638eba-30c0-4a40-8c63-c9947fd22c16,f54732b1-8f24-45b9-8a47-48dc7957b0b4,Amul Lassi,Amul,India,Gujarat Co-Operative Milk Marketing Federation,"Gujarat Co-Operative Milk Marketing Federation, Po Box 10, Amul Dairy Road, Anand 388 001, Gujarat, India.",,bd4794cb-82f5-4307-8c21-ac98f793f530,9000,1.0,1 L,LITER,1,16,6 months,"Amount per 100g:Energy: 79 KcalTotal Fat: 2.1g (Saturated Fat: 1.4g, Trans Fat: 0.1g)Total Carbohydrate: 12.8gAdded Sugar: 12.0gProtein: 2.3gCalcium: 74mg*Approximate Values",14,False,False,4.6,14067,,,,
14/07/25 12:31:53,09ffb229-ed2b-4592-bd44-86b6c64c1be6,09ffb229-ed2b-4592-bd44-86b6c64c1be6,0ed3c6ae-9a69-4458-aac5-b6c3342c8954,47600,0,400,5,5,2025-07-13T09:12:13.417Z,False,48000,47600,True,SELLABLESKU,False,Cold Drinks & Juices,Non-Alcoholic & Energy Drink,LITER,4760,LITER,35800,c6bba2b2-6b2d-4bd4-ae3d-adb6f9383393,694f6932-8863-4d2d-b7a3-7833905d1400,Red Bull Energy Drink,Red Bull,Austria,Rauch Fruchtsafte Gmbh & Co,"Rauch Fruchtsafte Gmbh & Co OG 6714 Nuziders, Kuhbruck weg 2, Austria +43 662 65820",,409e20e2-e760-4396-9f4c-5b06249ae83c,48000,1.0,4 x 250 ml,LITER,250,6,24 months,,5,True,False,4.8,1063,TIER_2,400.0,,
14/07/25 12:31:53,1c81f07f-a521-4408-a5ac-52a7f54b6a60,1c81f07f-a521-4408-a5ac-52a7f54b6a60,0ed3c6ae-9a69-4458-aac5-b6c3342c8954,800,20,200,6,6,2025-07-14T05:35:55.054Z,False,1000,800,True,SELLABLESKU,False,Cold Drinks & Juices,Milk Drinks,MILLILITRE,200,MILLILITRE,800,c5638eba-30c0-4a40-8c63-c9947fd22c16,3e7849d4-f0e6-4787-a343-15cf0d98941d,Mother Dairy Probiotic Tadka Chach,Mother Dairy,India,,,,604cee49-0b64-4d17-ab29-ce08ec3675eb,1000,270.0,,MILLILITRE,270,6,7 days,,6,False,False,4.7,793,TIER_2,200.0,,
14/07/25 12:31:53,4448f37f-cd15-49a2-80ac-d4cdd92caf6e,4448f37f-cd15-49a2-80ac-d4cdd92caf6e,0ed3c6ae-9a69-4458-aac5-b6c3342c8954,10200,7,800,2,2,2025-07-01T13:15:37.992Z,False,11000,10200,True,SELLABLESKU,False,Cold Drinks & Juices,Soda & Mixers,MILLILITRE,5100,MILLILITRE,8500,0df54b3f-11f6-4ada-b38a-9be38ea25eba,47428f85-9557-428c-a106-e2acc3cfafbb,Sepoy & Co. Pink Rose Lemonade,Sepoy & Co.,India,Sepoy & Co.,,,21f3e9f8-77a4-4570-9e0f-992f705da047,11000,200.0,200 ml,MILLILITRE,200,6,18 months,,2,True,False,4.7,101,TIER_2,800.0,,
14/07/25 12:31:53,d4dab9fa-9bf2-426f-90da-c8b4fd9fbb85,d4dab9fa-9bf2-426f-90da-c8b4fd9fbb85,0ed3c6ae-9a69-4458-aac5-b6c3342c8954,55000,0,0,2,2,2025-07-12T10:16:48.302Z,False,55000,55000,True,SELLABLESKU,False,Cold Drinks & Juices,Non-Alcoholic & Energy Drink,MILLILITRE,7300,MILLILITRE,50300,c6bba2b2-6b2d-4bd4-ae3d-adb6f9383393,5f229a2f-61d3-435a-a919-a45a035a8da0,Valentino Red Grape Non Alcoholic Drink,Valentino,BELGIUM,DEMERSTRAAT 9,"DEMERSTRAAT 9, INDUSTRIEZONE, CENTRUM, 3590 DIEPENBEEK, BELGIUM.",,2edb11d0-f651-48d0-ad33-2b0246618496,55000,750.0,750 ml,MILLILITRE,750,12,24 months,,2,True,False,5.0,56,,,,
14/07/25 12:31:53,ea57a3d0-d029-455c-9fa7-8d0ac53e3527,ea57a3d0-d029-455c-9fa7-8d0ac53e3527,0ed3c6ae-9a69-4458-aac5-b6c3342c8954,5900,1,100,6,6,2025-07-13T16:02:48.195Z,False,6000,5900,True,SELLABLESKU,False,Cold Drinks & Juices,Soda & Mixers,MILLILITRE,900,MILLILITRE,5700,0df54b3f-11f6-4ada-b38a-9be38ea25eba,e1d9aadb-342c-4f27-9b46-5ac7dac02df9,Paper Boat Lemon Lime Sparkling Water,Paper Boat,India,Hector Beverages Private Limited,,,a02356db-f2df-4bb0-a669-64d47857bc43,6000,600.0,600 ml,MILLILITRE,250,6,180 days,,6,False,False,4.7,716,TIER_2,100.0,,
14/07/25 12:31:53,fc5959e6-7769-5ba8-8f17-c7e35fe329ee,fc5959e6-7769-5ba8-8f17-c7e35fe329ee,0ed3c6ae-9a69-4458-aac5-b6c3342c8954,3000,0,0,5,5,2025-07-10T03:21:57.514Z,False,3000,3000,True,SELLABLESKU,False,Cold Drinks & Juices,Milk Drinks,MILLILITRE,1600,MILLILITRE,2900,c5638eba-30c0-4a40-8c63-c9947fd22c16,fde60246-7af6-4606-adbf-eafed8d41ba8,Creambell Choco Milkshake,Creambell Milkshake,India,,,,2da0e66d-bd55-4a47-947e-70c5d42b917f,3000,180.0,180 ml,MILLILITRE,180,6,180 days,,5,False,False,4.7,372,,,,
14/07/25 12:31:53,2cd8c150-7bbf-4dcc-aff9-46e44f6c6125,2cd8c150-7bbf-4dcc-aff9-46e44f6c6125,0ed3c6ae-9a69-4458-aac5-b6c3342c8954,8400,1,100,1,1,2025-07-12T10:19:25.761Z,False,8500,8400,True,SELLABLESKU,False,Cold Drinks & Juices,Instant Drink Mixes,GRAM,3300,GRAM,8200,4d088b94-ba43-4bf0-a881-a573862aa0a1,2827816b-2443-4ff4-815c-1d8d160a1fc9,Glucon D Instant Powder Mix,Glucon D,India,?Zydus Wellness Products Ltd.,,,05a3b80f-7c65-413f-9e39-f46dea85ce21,8500,250.0,250 g,GRAM,250,6,24 months,,1,False,False,4.8,145,TIER_2,100.0,,
14/07/25 12:31:53,541e1b0b-0d05-52bc-b078-9ea73055d8bb,541e1b0b-0d05-52bc-b078-9ea73055d8bb,0ed3c6ae-9a69-4458-aac5-b6c3342c8954,5100,15,900,2,2,2025-07-12T10:10:57.994Z,False,6000,5100,True,SELLABLESKU,False,Cold Drinks & Juices,Milk Drinks,MILLILITRE,2800,MILLILITRE,4600,c5638eba-30c0-4a40-8c63-c9947fd22c16,7f9ce901-fb5c-4e1c-ad86-072530e84a4c,Lotus Kesar Badam Milk | With Real Bits Of Almonds And Saffron,Lotus Dairy,India,,,,9c23a133-fe4a-48a2-8442-287d61542c4a,6000,180.0,,MILLILITRE,180,6,9 months,,2,False,False,4.4,246,TIER_2,900.0,,
14/07/25 12:31:53,9f3dee6a-cefc-4b62-b5e8-05f5854ed750,9f3dee6a-cefc-4b62-b5e8-05f5854ed750,0ed3c6ae-9a69-4458-aac5-b6c3342c8954,70000,0,0,1,1,2025-07-13T17:04:16.105Z,False,70000,70000,True,SELLABLESKU,False,Cold Drinks & Juices,Non-Alcoholic & Energy Drink,LITER,7000,LITER,67500,c6bba2b2-6b2d-4bd4-ae3d-adb6f9383393,694f6932-8863-4d2d-b7a3-7833905d1401,Red Bull Energy Drink,Red Bull,Austria,Rauch Fruchtsafte Gmbh & Co,"Rauch Fruchtsafte Gmbh & Co OG 6714 Nuziders, Kuhbruck weg 2, Austria +43 662 65820",,45494dcb-43dd-4209-9d72-e674d82db8c0,70000,1.5,6 x 250 ml,LITER,250,6,24 months,,1,True,False,4.8,246,,,,
14/07/25 12:31:53,a1ecedd7-ef05-5127-bcb1-125fc73e7c56,a1ecedd7-ef05-5127-bcb1-125fc73e7c56,0ed3c6ae-9a69-4458-aac5-b6c3342c8954,37000,0,0,3,3,2025-06-13T19:05:04.023Z,False,37000,37000,True,SELLABLESKU,False,Cold Drinks & Juices,Instant Drink Mixes,GRAM,4900,GRAM,36200,4d088b94-ba43-4bf0-a881-a573862aa0a1,0e5fc327-4f4e-43e1-a617-e64e6ce8743b,Glucon D Tangy Orange Glucose Powder,Glucon D,India,?Zydus Wellness Products Ltd.,,,feca0f1e-3b06-4a28-beda-c1140e94c2bb,37000,750.0,750 g,GRAM,750,6,18 months,,3,True,False,4.3,600,,,,
14/07/25 12:31:53,61683397-a216-5282-a210-e462b6e8cfe2,61683397-a216-5282-a210-e462b6e8cfe2,0ed3c6ae-9a69-4458-aac5-b6c3342c8954,30000,0,0,1,1,2025-06-13T18:23:44.917Z,False,30000,30000,True,SELLABLESKU,False,Cold Drinks & Juices,Non-Alcoholic & Energy Drink,GRAM,10000,GRAM,27800,c6bba2b2-6b2d-4bd4-ae3d-adb6f9383393,6000e10c-4774-41e6-808a-e48b9b2c8986,XLR8 Sports Nutrition Orange Energy Drink,XLR8 Sports Nutrition,India,,,,27579bd7-aa5b-45ff-845b-1419dfa940c0,30000,300.0,,GRAM,300,6,18 months,,1,True,False,4.5,239,,,,
14/07/25 12:31:53,ed2fdf2b-b613-554f-86f4-261c8e36f40a,ed2fdf2b-b613-554f-86f4-261c8e36f40a,0ed3c6ae-9a69-4458-aac5-b6c3342c8954,8100,10,900,1,1,2025-07-13T16:08:24.276Z,False,9000,8100,True,SELLABLESKU,False,Cold Drinks & Juices,Milk Drinks,MILLILITRE,4000,MILLILITRE,7500,c5638eba-30c0-4a40-8c63-c9947fd22c16,d2def4b3-c19c-4fd3-b94e-83c796fce1ef,Phab Coffee Tiramisu Protein Milkshake,Phab,India,Sun Hygiene Foods Pvt. Ltd.,,,9629c234-2001-4df2-9d80-96d37c97222e,9000,200.0,200 ml,MILLILITRE,200,6,9 months,,1,False,False,4.5,165,TIER_2,900.0,,
14/07/25 12:31:53,5c984eab-ebbb-5e99-8d50-562cfff19d53,5c984eab-ebbb-5e99-8d50-562cfff19d53,0ed3c6ae-9a69-4458-aac5-b6c3342c8954,12000,0,0,1,1,2025-07-11T13:57:57.145Z,False,12000,12000,True,SELLABLESKU,False,Cold Drinks & Juices,Instant Drink Mixes,GRAM,4500,GRAM,11700,4d088b94-ba43-4bf0-a881-a573862aa0a1,20681112-3efa-48e7-838d-34de9418ad1d,Glucon D Tangy Orange Instant Powder Mix,Glucon D,India,Zydus,,,b67fab2b-8b0b-46b8-a379-7d45b74aabd4,12000,264.0,12 x 22 g,GRAM,264,6,12 months,,1,False,False,4.2,120,,,,
14/07/25 12:31:53,a8448676-9c42-466e-a92e-402498d775ae,a8448676-9c42-466e-a92e-402498d775ae,0ed3c6ae-9a69-4458-aac5-b6c3342c8954,9000,25,3000,3,3,2025-06-28T09:00:20.759Z,False,12000,9000,True,SELLABLESKU,False,Cold Drinks & Juices,Non-Alcoholic & Energy Drink,MILLILITRE,2700,MILLILITRE,8600,c6bba2b2-6b2d-4bd4-ae3d-adb6f9383393,ceb5e689-3f08-4efc-81d0-7e146f6254da,Heineken Imported Malt Non Alcoholic Beer,Heineken,Singapore,,,,fd134aad-02d3-4b16-81cc-199f4c6b78cd,12000,330.0,,MILLILITRE,330,6,12 months,,3,False,False,4.7,68,TIER_2,3000.0,,
14/07/25 12:31:53,f588d282-94e0-4604-a69b-c132416a3f12,f588d282-94e0-4604-a69b-c132416a3f12,0ed3c6ae-9a69-4458-aac5-b6c3342c8954,33000,38,21000,2,2,2025-07-02T08:56:21.798Z,False,54000,33000,True,SELLABLESKU,False,Cold Drinks & Juices,Fruit Juices & Drinks,LITER,3300,LITER,28900,c41e2ad3-2dcc-42b6-829b-7e3a8e78d754,2f5e98b3-050d-4d4c-b2b5-d34bf7e980dd,Wow Coco Organic Tender Coconut Water,Wow Coco,India,"?(Kp)Kovai Agro Foods, (Vp) Vsa Foods And Beverages Pvt Ltd",,,185341bd-3c2e-4eda-be9e-f59fc7f5dc42,54000,1.2,6 x 200 ml,LITER,1200,6,9 months,,2,True,False,4.2,835,TIER_2,21000.0,,
14/07/25 12:31:53,812d7770-5a82-5d34-bc9d-a2b3e49b153b,812d7770-5a82-5d34-bc9d-a2b3e49b153b,0ed3c6ae-9a69-4458-aac5-b6c3342c8954,9000,10,1000,2,2,2025-07-09T08:25:42.531Z,False,10000,9000,True,SELLABLESKU,False,Cold Drinks & Juices,Instant Drink Mixes,GRAM,4000,GRAM,8800,4d088b94-ba43-4bf0-a881-a573862aa0a1,4e5e8946-ce9f-4c86-9fd0-33a4b7ce207a,Dabur Glucoplus C Orange Pouch Pack,Dabur ,India,,,,a61fd7b3-094d-47a2-814c-e6893c964d25,10000,220.0,10 x 22 g,GRAM,220,6,12 months,,2,False,False,4.2,507,TIER_2,1000.0,,
14/07/25 12:31:53,2b67c02b-1957-4ebe-b6aa-2a619b7c5c07,2b67c02b-1957-4ebe-b6aa-2a619b7c5c07,0ed3c6ae-9a69-4458-aac5-b6c3342c8954,5100,15,900,1,1,2025-07-12T09:47:37.339Z,False,6000,5100,True,SELLABLESKU,False,Cold Drinks & Juices,Milk Drinks,MILLILITRE,3000,MILLILITRE,4900,c5638eba-30c0-4a40-8c63-c9947fd22c16,0de06067-7868-4119-b3d8-6728d1626cc2,Cavin's Badam Milkshake,Cavin's,India,CavinKare Private Ltd.,"Cavinkare Pvt. Ltd., 12, Cenotaph Road, Teynampet, Chennai","Standardized Milk, Sugar, Milk Solids, Almond Bits (1%), Sequestrant (ins 331 (iii) & Ins 339 (ii)), Stabilizer (ins 407) And Emulsifier (ins 436) Contains Added Flavour (nature Identical And Artificial (Badam Milk, Rajbhog & Condensed Milk ) Flavouring Substances)",ef766327-7f31-436e-a01e-57ab4d0200b7,6000,170.0,170 ml,MILLILITRE,180,8,9 months,,1,False,False,4.8,178,TIER_2,900.0,,
14/07/25 12:31:53,e847ce7d-f175-48d0-b848-dabbf86d5857,e847ce7d-f175-48d0-b848-dabbf86d5857,0ed3c6ae-9a69-4458-aac5-b6c3342c8954,9000,0,0,1,1,2025-07-13T08:55:43.697Z,False,9000,9000,True,SELLABLESKU,False,Cold Drinks & Juices,Fruit Juices & Drinks,LITER,900,LITER,6400,c41e2ad3-2dcc-42b6-829b-7e3a8e78d754,d919a60b-aec4-44ff-ab05-4e30e5f41b16,Fresca Litchi Fruit Juice,Fresca,India,,,,7866df59-57d8-46b3-aa56-c3b3d0a37963,9000,1.0,1 L,LITER,1000,6,180 days,,1,False,False,4.6,414,,,,
14/07/25 12:31:53,99dd1019-246f-4e15-b09c-6e6448411315,99dd1019-246f-4e15-b09c-6e6448411315,0ed3c6ae-9a69-4458-aac5-b6c3342c8954,5800,3,200,16,16,2025-07-13T14:23:33.380Z,False,6000,5800,True,SELLABLESKU,False,Cold Drinks & Juices,Soda & Mixers,MILLILITRE,1900,MILLILITRE,5400,0df54b3f-11f6-4ada-b38a-9be38ea25eba,5f513675-0db6-407a-8389-5a8ff2256951,Schweppes Indian Tonic Water,Schweppes,India,HINDUSTAN COCA-COLA BEVERAGES PVT,"HINDUSTAN COCA-COLA BEVERAGES PVT. , 1105/7/8/33, PIRANGUT, TAL. MULSHI DIST, PUNE- 412 111, MAHARASHTRA.","Carbonated Water, Sugar, Acidity Regulator (330), Preservative (211) And Quinine. Contains Added Flavours (Natural Flavouring Substances), Contains no Fruit",5ceab9a9-f5c6-421b-8914-7737d930363e,6000,300.0,300 ml,MILLILITRE,300,16,12 months,,16,False,False,4.7,626,TIER_2,200.0,,
14/07/25 12:31:53,9c495b6a-0b9b-5d08-8904-66a3d6b288ec,9c495b6a-0b9b-5d08-8904-66a3d6b288ec,0ed3c6ae-9a69-4458-aac5-b6c3342c8954,24000,0,0,1,1,2025-07-11T14:01:35.605Z,False,24000,24000,True,SELLABLESKU,False,Cold Drinks & Juices,Non-Alcoholic & Energy Drink,LITER,2400,LITER,22300,c6bba2b2-6b2d-4bd4-ae3d-adb6f9383393,ec7dec94-b98a-4362-88ef-2394d71a2255,Rizz Energy Drink,Rizz,India,Rizz,,,a4b4829d-e791-4986-947a-07bfce508eef,24000,1.0,4 x 250 ml,LITER,1050,6,18 months,,1,True,False,3.8,130,,,,
14/07/25 12:31:53,fb6b00bc-f9b6-5293-9a44-138677c956cb,fb6b00bc-f9b6-5293-9a44-138677c956cb,0ed3c6ae-9a69-4458-aac5-b6c3342c8954,9900,0,0,2,2,2025-07-09T08:39:24.832Z,False,9900,9900,True,SELLABLESKU,False,Cold Drinks & Juices,Instant Drink Mixes,MILLILITRE,3000,MILLILITRE,9400,4d088b94-ba43-4bf0-a881-a573862aa0a1,061bc725-3693-4493-a137-fbdebef6c543,Mapro Mango Fruit Crush,Mapro,India,,,,a8dd4971-1645-4a91-bae4-eedc24b23c1b,9900,330.0,330 ml,MILLILITRE,330,6,12 months,,2,True,False,4.6,856,,,,
14/07/25 12:31:53,33213c7f-2276-46fd-94d7-ce027a3c190e,33213c7f-2276-46fd-94d7-ce027a3c190e,0ed3c6ae-9a69-4458-aac5-b6c3342c8954,5900,1,100,6,6,2025-07-13T07:19:25.780Z,False,6000,5900,True,SELLABLESKU,False,Cold Drinks & Juices,Soda & Mixers,MILLILITRE,900,MILLILITRE,5700,0df54b3f-11f6-4ada-b38a-9be38ea25eba,077e2bdd-ff4c-4033-8bcd-e4a52a415771,Paper Boat Cranberry Lime Sparkling Water,Paper Boat,India,,,,e92688b0-c159-4f43-90e1-b1c4b3492990,6000,600.0,,MILLILITRE,620,6,180 days,,6,False,False,4.6,151,TIER_2,100.0,,
14/07/25 12:31:53,ab0b9694-8b6c-449d-b08d-a6ab9ec4b868,ab0b9694-8b6c-449d-b08d-a6ab9ec4b868,0ed3c6ae-9a69-4458-aac5-b6c3342c8954,2700,10,300,3,3,2025-07-13T02:25:20.348Z,False,3000,2700,True,SELLABLESKU,False,Cold Drinks & Juices,Soft Drinks,MILLILITRE,900,MILLILITRE,2700,dff3658b-c351-4e7f-8196-e98d0c66d99e,715fa343-444c-4aa7-9ad3-0ddd5b0602b6,Aloha Pudina Masala Soft Drink,Aloha,India,Aloha,,,e913a542-a6f9-41e2-88eb-1b3d487f8d79,3000,300.0,300 ml,MILLILITRE,300,6,6 months,,3,False,False,4.3,587,TIER_2,300.0,,
14/07/25 12:31:53,4d03566b-bf15-5846-acc7-379140a6c818,4d03566b-bf15-5846-acc7-379140a6c818,0ed3c6ae-9a69-4458-aac5-b6c3342c8954,18000,0,0,3,3,2025-07-13T00:26:55.563Z,False,18000,18000,True,SELLABLESKU,False,Cold Drinks & Juices,Fruit Juices & Drinks,LITER,1800,LITER,16900,c41e2ad3-2dcc-42b6-829b-7e3a8e78d754,c882fdc9-24dd-411a-9e01-aed0dae0aec2,Alo Frut Kiwi,Alo Frut,India,,,,5ca4e716-0c72-43c9-80ce-ffa5a3e4f4f4,18000,1.11,,LITER,1100,6,12 months,,3,True,False,4.7,475,,,,
14/07/25 12:31:53,10320b85-0c03-424f-9655-9fb296c216f4,10320b85-0c03-424f-9655-9fb296c216f4,0ed3c6ae-9a69-4458-aac5-b6c3342c8954,27500,0,0,2,2,2025-07-11T13:57:39.629Z,False,27500,27500,True,SELLABLESKU,False,Cold Drinks & Juices,Non-Alcoholic & Energy Drink,MILLILITRE,14700,MILLILITRE,27500,c6bba2b2-6b2d-4bd4-ae3d-adb6f9383393,53084460-fed8-44df-8cd4-8b59190411bf,Jacob's Creek Unvined Shiraz Non-Alcoholic Red Wine,Jacob's Creek,Australia,Pernod Ricard India Private Limited,,,47ba5154-7470-40d6-9046-59cde75b4739,27500,187.0,,MILLILITRE,187,6,24 months,,2,True,False,4.5,885,,,,
14/07/25 12:31:53,ee806c1e-18f6-42d7-91ce-1f309428f330,ee806c1e-18f6-42d7-91ce-1f309428f330,0ed3c6ae-9a69-4458-aac5-b6c3342c8954,2700,10,300,4,4,2025-07-13T02:25:20.339Z,False,3000,2700,True,SELLABLESKU,False,Cold Drinks & Juices,Soft Drinks,MILLILITRE,900,MILLILITRE,2700,dff3658b-c351-4e7f-8196-e98d0c66d99e,001a7315-8470-46fc-a655-a39584b02cde,Aloha Watermelon and Lime Soft Drink,Aloha,India,Aloha,,,665af941-bd31-4dd5-80bf-b1598e99cffa,3000,300.0,300 ml,MILLILITRE,300,6,6 months,,4,False,False,4.4,668,TIER_2,300.0,,
14/07/25 12:31:53,969b90f5-d8a9-5262-bf70-4443310965e0,969b90f5-d8a9-5262-bf70-4443310965e0,0ed3c6ae-9a69-4458-aac5-b6c3342c8954,11000,8,1000,2,2,2025-07-08T14:25:10.374Z,False,12000,11000,True,SELLABLESKU,False,Cold Drinks & Juices,Soda & Mixers,LITER,1100,LITER,10400,0df54b3f-11f6-4ada-b38a-9be38ea25eba,5cac7603-cefa-4417-be0e-bd95847031da,RIO Go Lemon Mojito,RIO,India,‎Rio Innobev,,,43ad8468-eccd-46b9-ab64-0e6f99179499,12000,1.2,6 x 200 ml,LITER,1370,6,150 days,,2,True,False,4.8,121,TIER_2,1000.0,,
14/07/25 13:00:28,8bc60eae-d9f3-4748-b334-9f62eb47a1a5,8bc60eae-d9f3-4748-b334-9f62eb47a1a5,0ed3c6ae-9a69-4458-aac5-b6c3342c8954,13500,10,1500,4,4,2025-07-11T12:10:02.176Z,False,15000,13500,True,SELLABLESKU,False,Cold Drinks & Juices,Milk Drinks,MILLILITRE,5400,MILLILITRE,13100,c5638eba-30c0-4a40-8c63-c9947fd22c16,84c37cb7-bec0-4c8b-898f-bfb2ed2c3d4f,Epigamia Turbo Coffee Protein Milkshake,Epigamia,India,,,,403f785a-8d9a-48de-8dcc-0a2c987409c2,15000,250.0,,MILLILITRE,250,6,180 days,,4,False,False,4.2,138,TIER_2,1500.0,,
14/07/25 13:00:28,6963cc27-1734-4a3f-a3e0-bab59474ed14,6963cc27-1734-4a3f-a3e0-bab59474ed14,0ed3c6ae-9a69-4458-aac5-b6c3342c8954,27000,9,2900,2,2,2025-07-12T09:47:02.937Z,False,29900,27000,True,SELLABLESKU,False,Cold Drinks & Juices,Vegan Drinks,LITER,2700,LITER,24500,dcfd1067-a597-4ef0-81d6-9a3d1b9a2891,4ec970e8-e93d-4338-b73f-ec865dbf39cc,Alt Co. Almond Milk,Alt Co.,India,Alt Co,,,2f72762b-5215-495c-a9b9-9726b553e7b0,29900,1.0,1 L,LITER,1,6,12 months,,2,True,False,4.2,270,TIER_2,2900.0,,
14/07/25 13:00:28,5abd874d-8749-533b-befb-c545833fcdb4,5abd874d-8749-533b-befb-c545833fcdb4,0ed3c6ae-9a69-4458-aac5-b6c3342c8954,54200,8,5200,4,4,2025-07-12T23:26:40.354Z,False,59400,54200,True,SELLABLESKU,False,Cold Drinks & Juices,Non-Alcoholic & Energy Drink,LITER,5420,LITER,54200,c6bba2b2-6b2d-4bd4-ae3d-adb6f9383393,cb30052e-fafd-4c4c-a608-2daebcd15aef,Coolberg Non Alcoholic Beer | Party Pack,Coolberg,India,Coolberg Beverages Pvt. Ltd,,,e2eb868d-5870-4ea4-a1b4-fc8315ccd7fa,59400,1.98,6 x 330 ml,LITER,1980,6,12 months,,4,True,False,5.0,51,TIER_2,5200.0,,
14/07/25 13:00:28,f9aaa092-ead8-5908-a6c7-ba898dbe6bfc,f9aaa092-ead8-5908-a6c7-ba898dbe6bfc,554896ba-1bc3-493a-84c2-8a0ce07c2611,60000,0,0,1,1,2025-06-09T22:33:56.414Z,False,60000,60000,True,SELLABLESKU,False,Cold Drinks & Juices,Instant Drink Mixes,PIECE,60000,PIECE,55100,4d088b94-ba43-4bf0-a881-a573862aa0a1,55063063-a172-4d4f-bff6-407fbb8acc1c,Good Monk Orange Instant Drink Mix,Good Monk,India,,,,e325840f-78b7-4364-9ef3-4b3efc64958d,60000,1.0,396 g,PIECE,396,6,12 months,,1,True,False,4.5,655,,,,
14/07/25 13:00:28,9fece867-af1c-4068-a4a5-b07785f8d917,9fece867-af1c-4068-a4a5-b07785f8d917,0ed3c6ae-9a69-4458-aac5-b6c3342c8954,4000,0,0,1,1,2025-07-12T11:52:22.103Z,False,4000,4000,True,SELLABLESKU,False,Cold Drinks & Juices,Soft Drinks,MILLILITRE,1300,MILLILITRE,3800,dff3658b-c351-4e7f-8196-e98d0c66d99e,942d73e3-7db9-4ecc-9896-4fe98624488d,Pepsi Black Cola Diet Soft Drink,Pepsi Black,India,Pepsico India Holdings Pvt. Ltd,,,c6ddb7ce-ffe7-495d-bcbd-5e8697db0e78,4000,300.0,300 ml,MILLILITRE,300,6,9 months,,1,True,False,4.6,1767,,,,
14/07/25 13:00:28,6f8c4ff4-9b9f-5612-8027-2986d564b7fd,6f8c4ff4-9b9f-5612-8027-2986d564b7fd,0ed3c6ae-9a69-4458-aac5-b6c3342c8954,21700,9,2300,3,3,2025-07-11T14:04:50.377Z,False,24000,21700,True,SELLABLESKU,False,Cold Drinks & Juices,Soda & Mixers,PIECE,1808,PIECE,20400,0df54b3f-11f6-4ada-b38a-9be38ea25eba,34fe5b5f-25d2-45a1-a284-af57a0b47a91,Bombay Banta Imli Chaska Soda,Bombay Banta,India,Bombay Banta,,,7f7b7d9c-4f8e-484e-a86c-cfe1deb7bb20,24000,12.0,1 pack (12 pcs),PIECE,3500,6,180 days,,3,True,False,4.2,143,TIER_2,2300.0,,
14/07/25 13:00:28,d72ede7f-fd2b-49da-a6dd-5e3953f9a3b3,d72ede7f-fd2b-49da-a6dd-5e3953f9a3b3,0ed3c6ae-9a69-4458-aac5-b6c3342c8954,13500,10,1500,3,3,2025-07-12T07:45:55.329Z,False,15000,13500,True,SELLABLESKU,False,Cold Drinks & Juices,Milk Drinks,MILLILITRE,5400,MILLILITRE,13300,c5638eba-30c0-4a40-8c63-c9947fd22c16,5bff2f95-169e-4503-a1bc-5e344c4fd228,Epigamia Turbo Cookies and Cream Protein Milkshake,Epigamia,India,,,,b1ca615f-5384-4135-981d-343c46308dcd,15000,250.0,,MILLILITRE,250,6,180 days,,3,False,False,4.5,207,TIER_2,1500.0,,
14/07/25 13:00:28,92b0a880-1836-40a6-833c-737a87c2398c,92b0a880-1836-40a6-833c-737a87c2398c,0ed3c6ae-9a69-4458-aac5-b6c3342c8954,25200,4,1300,2,2,2025-07-03T09:21:52.351Z,False,26500,25200,True,SELLABLESKU,False,Cold Drinks & Juices,Instant Drink Mixes,GRAM,4000,GRAM,24600,4d088b94-ba43-4bf0-a881-a573862aa0a1,e7e9ebca-b521-4c0e-94f5-2fc53815f8a3,Hershey's Caramel Syrup,Hershey's,USA,The Hershey's Company,"Max Inc GI 13, GT Industrial Area, North (Delhi), 110033.","Cane Sugar, Water, Natural and Artificial Flavor, Sodium Benzoate and Potassium Sorbate (preservatives), Citric Acid,�Caramel�Color",47458cc6-6031-47ba-b205-6a9043451aad,26500,623.0,623 g,GRAM,623,12,13 months,,2,True,False,4.8,89,TIER_2,1300.0,,
14/07/25 13:00:28,2629e188-2674-5870-bda3-a5b12868e81d,2629e188-2674-5870-bda3-a5b12868e81d,554896ba-1bc3-493a-84c2-8a0ce07c2611,60000,0,0,1,1,2025-05-27T05:33:37.163Z,False,60000,60000,True,SELLABLESKU,False,Cold Drinks & Juices,Instant Drink Mixes,PIECE,60000,PIECE,55100,4d088b94-ba43-4bf0-a881-a573862aa0a1,ac6cce08-bdc3-4a8e-abd9-15116e443516,Good Monk Mixed Berries Instant Powder Mix,Good Monk,India,,,,8ca33985-102e-4aac-b032-4733509a0d10,60000,1.0,396 g,PIECE,396,6,12 months,,1,True,False,4.2,545,,,,
14/07/25 13:00:28,dbe6aecc-11cf-44e3-932f-ded55311236f,dbe6aecc-11cf-44e3-932f-ded55311236f,0ed3c6ae-9a69-4458-aac5-b6c3342c8954,14200,4,700,2,2,2025-07-07T07:42:28.728Z,False,14900,14200,True,SELLABLESKU,False,Cold Drinks & Juices,Instant Drink Mixes,GRAM,39400,GRAM,14200,4d088b94-ba43-4bf0-a881-a573862aa0a1,2b0b8ca5-efd3-4bb2-a5c9-1600dfe275ef,Fast&Up Nightout Instant Hangover Relief Drink,Fast&up,India,,,,0676c7f0-42a1-4057-b928-5b314d5cf05d,14900,36.0,1 pack (4 pcs),GRAM,20,6,24 months,,2,True,False,4.1,69,TIER_2,700.0,,
14/07/25 13:00:28,74418328-1ac2-480e-b9b2-462ac4ca9954,74418328-1ac2-480e-b9b2-462ac4ca9954,0ed3c6ae-9a69-4458-aac5-b6c3342c8954,13500,10,1500,5,5,2025-07-11T10:16:18.044Z,False,15000,13500,True,SELLABLESKU,False,Cold Drinks & Juices,Milk Drinks,MILLILITRE,5400,MILLILITRE,13100,c5638eba-30c0-4a40-8c63-c9947fd22c16,94967248-d3e6-4284-8356-e0f05cf35477,Epigamia Turbo Vanilla and Caramel Protein Milkshake,Epigamia,India,?Drums Food International Private Limited,,,e3d82530-d213-4a84-b68d-a81f8764afa2,15000,250.0,250 ml,MILLILITRE,250,6,180 days,,5,False,False,4.4,238,TIER_2,1500.0,,
14/07/25 13:00:28,9f8c76f8-fa44-51b5-a79e-810b65848128,9f8c76f8-fa44-51b5-a79e-810b65848128,0ed3c6ae-9a69-4458-aac5-b6c3342c8954,21700,9,2300,2,2,2025-07-11T13:57:38.596Z,False,24000,21700,True,SELLABLESKU,False,Cold Drinks & Juices,Soda & Mixers,PIECE,1808,PIECE,20400,0df54b3f-11f6-4ada-b38a-9be38ea25eba,94b47ee2-1aa9-454d-95e0-6e0d7efbb6c9,Bombay Banta Kala Khatta Black Currant Soda,Bombay Banta,India,Bombay Banta,,,e71986ee-9129-455c-a887-4e1b057d3480,24000,12.0,1 pack (12 pcs),PIECE,3500,6,180 days,,2,True,False,4.7,773,TIER_2,2300.0,,
14/07/25 13:00:28,d3a60768-84d6-4bff-8855-19171c4a4645,d3a60768-84d6-4bff-8855-19171c4a4645,0ed3c6ae-9a69-4458-aac5-b6c3342c8954,37600,5,2300,1,1,2025-07-12T13:06:08.710Z,False,39900,37600,True,SELLABLESKU,False,Cold Drinks & Juices,Fruit Juices & Drinks,LITER,3760,LITER,31900,c41e2ad3-2dcc-42b6-829b-7e3a8e78d754,dc3358f1-085d-4fa3-bce6-5f603d0dae0a,Raw Pressery Valencia Orange Fruit Juice,Raw Pressery,India,Rakyan Beverages Pvt. Ltd,"Rakyan Beverages Pvt. Ltd, B-12, JWC Logistic Park Pvt. Ltd., National Highway No.17 Palaspe, Panvel, Maharashtra.","ORANGE JUICE(91.8%), ORANGE PULP, CITRUS FIBER, ANTIOXIDANT / VITAMIN C ( INS 300)",64b0ed2d-8512-4b39-b2c1-5c6c50849db6,39900,1.0,1 L,LITER,1000,12,9 months,,1,True,False,4.6,176,TIER_2,2300.0,,
14/07/25 13:00:28,912d3118-54e0-4fa1-aca8-773503c953bd,912d3118-54e0-4fa1-aca8-773503c953bd,0ed3c6ae-9a69-4458-aac5-b6c3342c8954,28900,11,3600,2,2,2025-07-14T03:57:50.555Z,False,32500,28900,True,SELLABLESKU,False,Cold Drinks & Juices,Vegan Drinks,LITER,2890,LITER,26200,dcfd1067-a597-4ef0-81d6-9a3d1b9a2891,231e4f88-15d8-4eb1-9e34-764e4aad6077,Raw Pressery Almond Milk,Raw Pressery,India,Rakyan Beverages Pvt. Ltd,"Rakyan Beverages Pvt. Ltd, B-12, JWC Logistic Park Pvt. Ltd., National Highway No.17 Palaspe, Panvel, Maharashtra.",,1b1b90cc-ad0a-4f14-81a4-14f22b8b64ac,32500,1.0,1 L,LITER,1000,8,12 months,,2,True,False,4.5,113,TIER_2,3600.0,,
14/07/25 13:00:28,4b668e76-6797-5321-8a14-2a129750e84c,4b668e76-6797-5321-8a14-2a129750e84c,554896ba-1bc3-493a-84c2-8a0ce07c2611,60000,0,0,2,2,2025-07-11T14:00:03.585Z,False,60000,60000,True,SELLABLESKU,False,Cold Drinks & Juices,Instant Drink Mixes,PIECE,60000,PIECE,55100,4d088b94-ba43-4bf0-a881-a573862aa0a1,de9335ec-12d2-412f-acff-9b04b54ca532,Good Monk Pineapple Instant Drink Mix,Good Monk,India,Vital Neutraceuticals Pvt ltd,,,dfc4eae1-4466-47da-837c-ba475bdaae27,60000,1.0,396 g,PIECE,396,6,12 months,,2,True,False,4.2,541,,,,
14/07/25 13:00:28,c6a712c0-7384-4fc1-a46b-3c1a8ca4cca6,c6a712c0-7384-4fc1-a46b-3c1a8ca4cca6,0ed3c6ae-9a69-4458-aac5-b6c3342c8954,16200,10,1800,2,2,2025-07-13T02:25:20.334Z,False,18000,16200,True,SELLABLESKU,False,Cold Drinks & Juices,Soft Drinks,LITER,810,LITER,15300,dff3658b-c351-4e7f-8196-e98d0c66d99e,9137d726-af4c-4749-978a-95299ff21525,Bombay Banta Assorted Flavoured Soft Drink,Bombay Banta,India,,,,4f645769-2a09-4a6a-8bef-5dc6fd4625cd,18000,2.0,8 x 250 ml,LITER,2000,6,180 days,,2,True,False,4.8,71,TIER_2,1800.0,,
14/07/25 13:00:28,82ef7e7f-101e-4072-8fd8-24bc51fd6012,82ef7e7f-101e-4072-8fd8-24bc51fd6012,0ed3c6ae-9a69-4458-aac5-b6c3342c8954,11000,4,500,1,1,2025-07-12T15:57:23.836Z,False,11500,11000,True,SELLABLESKU,False,Cold Drinks & Juices,Instant Drink Mixes,GRAM,5500,GRAM,10700,4d088b94-ba43-4bf0-a881-a573862aa0a1,70255ead-049e-4f7b-bd7a-7c7d9b5d6d05,Hershey's Strawberry Syrup,Hershey's,USA,The Hershey's Company,"Hershey India Pvt Ltd, Plot, No 5, New Industrial Area No. 1, Mandideep Dist, Raisen - 462046, Madhya Pradesh.",,decb8a7d-bc15-4aa5-b610-f667e86c97f8,11500,200.0,200 g,GRAM,200,12,13 months,,1,False,False,4.4,174,TIER_2,500.0,,
14/07/25 13:00:28,0b5b2d13-f411-452c-8df2-2a9adf7a8cbb,0b5b2d13-f411-452c-8df2-2a9adf7a8cbb,0ed3c6ae-9a69-4458-aac5-b6c3342c8954,27500,6,2000,2,2,2025-06-21T06:10:32.992Z,False,29500,27500,True,SELLABLESKU,False,Cold Drinks & Juices,Non-Alcoholic & Energy Drink,PIECE,1375,PIECE,27400,c6bba2b2-6b2d-4bd4-ae3d-adb6f9383393,9d102185-1fa3-4109-84a0-e2b4067c6fd8,Fast&Up Reload Energy Drink Low Sugar Electrolyte - Berry Flavour,Fast&up,India,Fast&Up,"Fast&Up, Wing-A, Lion Sole Marg, Highland Park, Andheri West, Mumbai, Maharashtra 400102.",,4b659ece-3219-4eb8-9bf9-917c73c64361,29500,20.0,1 pack (20 pcs),PIECE,20,12,24 months,,2,True,False,5.0,65,TIER_2,2000.0,,
14/07/25 13:00:28,da9c30f1-40ba-4101-a995-311507f1ebcf,da9c30f1-40ba-4101-a995-311507f1ebcf,0ed3c6ae-9a69-4458-aac5-b6c3342c8954,33100,44,26900,1,1,2025-06-30T19:07:35.688Z,False,60000,33100,True,SELLABLESKU,False,Cold Drinks & Juices,Water,PIECE,5516,PIECE,33100,b783925b-6b57-4750-99f6-01ea5145ec5e,a3ec15c5-a259-487c-9644-5b210a5a8771,Aava Sparkling Water,AAVA,India,,,,0d29a119-9f54-4071-a8b7-116cfac4dfc4,60000,6.0,6 x 500 ml,PIECE,3000,6,180 days,,1,True,False,3.9,52,TIER_2,26900.0,,
14/07/25 13:00:28,776c0eb1-d8bc-4e31-9458-fe55da297135,776c0eb1-d8bc-4e31-9458-fe55da297135,0ed3c6ae-9a69-4458-aac5-b6c3342c8954,1900,5,100,6,6,2025-07-13T09:13:40.988Z,False,2000,1900,True,SELLABLESKU,False,Cold Drinks & Juices,Soft Drinks,MILLILITRE,700,MILLILITRE,1900,dff3658b-c351-4e7f-8196-e98d0c66d99e,b54a91f2-3ccb-43cf-941e-28001b9b280b,Bombay Banta Imli Jeera Soft Drink,Bombay Banta,India,,,,be528717-fa5a-4c31-a02e-a282e1e8952e,2000,250.0,,MILLILITRE,250,6,6 months,,6,False,False,4.4,768,TIER_2,100.0,,
14/07/25 13:00:28,00c220fd-4adb-527f-bb91-4f9327ca5df1,00c220fd-4adb-527f-bb91-4f9327ca5df1,0ed3c6ae-9a69-4458-aac5-b6c3342c8954,10000,0,0,6,6,2025-07-13T09:19:12.540Z,False,10000,10000,True,SELLABLESKU,False,Cold Drinks & Juices,Fruit Juices & Drinks,LITER,1000,LITER,9600,c41e2ad3-2dcc-42b6-829b-7e3a8e78d754,e880c134-66ab-4b9e-85a4-cfa880755af3,Frooti Mango Drink,Frooti,India,,,,e4578a06-0624-4988-9e64-680698c58557,10000,1.25,10 x 125 ml,LITER,1250,6,180 days,,6,False,False,4.8,1226,,,,
14/07/25 13:00:28,b382babb-cac1-468b-8233-dd3e9c6686fc,b382babb-cac1-468b-8233-dd3e9c6686fc,0ed3c6ae-9a69-4458-aac5-b6c3342c8954,5300,33,2700,1,1,2025-07-11T14:22:48.765Z,False,8000,5300,True,SELLABLESKU,False,Cold Drinks & Juices,Milk Drinks,MILLILITRE,2900,MILLILITRE,5300,c5638eba-30c0-4a40-8c63-c9947fd22c16,e7e3bea7-3acb-4980-abb5-50f0406a7780,Epigamia Greek Yogurt Blueberry Smoothie,Epigamia,India,Drums Food International Pvt Ltd,"Drums Food International Pvt Ltd, The Centrium, Office No 2 ( Unit 302) , Phoenix Marketcity , LBS Marg, Kurla West, Mumbai 400070.","Greek Yogurt (Pasteurized Double Toned Milk, Milk Solids, Stabilizing Agent (Pectin Ins 440), Permitted Starter Cultures), Processed Blueberry Pulp (Sugar, Blueberry Puree, Water, Stabilizing Agent (Pectin Ins 440), Lemon Juice Concentrate) Total Fruit Content: 3%",52cd9ab1-a85b-41fe-b213-341e3dfd82d6,8000,180.0,180 ml,MILLILITRE,200,12,30 days,,1,False,False,4.7,205,TIER_2,2700.0,,
14/07/25 13:00:28,67d71fc1-de0e-4986-b477-d47a7bffed7f,67d71fc1-de0e-4986-b477-d47a7bffed7f,0ed3c6ae-9a69-4458-aac5-b6c3342c8954,27900,5,1600,3,3,2025-07-12T06:31:42.147Z,False,29500,27900,True,SELLABLESKU,False,Cold Drinks & Juices,Vegan Drinks,LITER,2790,LITER,27800,dcfd1067-a597-4ef0-81d6-9a3d1b9a2891,48dd7ede-e731-4b0a-ae7e-ea6393f13751,Only Earth Organic Coconut Drink,Only Earth,India,Naturise Consumer Products Pvt Ltd,"Naturise Consumer Products Pvt Ltd, 109, Vellala stree, Purasawalkam, Chennai 600084.",,7e1d7282-d490-4373-a4c7-1c7e44976830,29500,1.0,1 L,LITER,1000,12,12 months,,3,True,False,4.6,66,TIER_2,1600.0,,
14/07/25 13:00:28,31db9e03-a710-4fe7-a5c6-1a2df0714a24,31db9e03-a710-4fe7-a5c6-1a2df0714a24,0ed3c6ae-9a69-4458-aac5-b6c3342c8954,28300,8,2700,2,2,2025-07-11T14:00:59.382Z,False,31000,28300,True,SELLABLESKU,False,Cold Drinks & Juices,Non-Alcoholic & Energy Drink,PIECE,28300,PIECE,28200,c6bba2b2-6b2d-4bd4-ae3d-adb6f9383393,cef29fdf-0563-4666-b017-4cdc8b91d851,Fast&Up Reload Zero Sugar Energy Drink for Hydration - Ice Current Flavour,Fast&up,India,AERONUTRIX SPORTS PRODUCTS PVT LTD,,,a882b6ec-f992-435e-946e-aaad037ca556,31000,1.0,1 pack (22 pcs),PIECE,150,6,24 months,,2,True,False,4.6,981,TIER_2,2700.0,,
14/07/25 13:00:28,8126b483-30e5-5e25-91d6-48f86c9a692a,8126b483-30e5-5e25-91d6-48f86c9a692a,0ed3c6ae-9a69-4458-aac5-b6c3342c8954,60000,0,0,1,1,2025-07-11T13:54:37.210Z,False,60000,60000,True,SELLABLESKU,False,Cold Drinks & Juices,Water,PIECE,60000,PIECE,60000,b783925b-6b57-4750-99f6-01ea5145ec5e,81efb389-67b7-441c-9610-94cea61bb405,Evocus Natural Black Alkaline Water,Evocus,India,Evocus,,,df6aa881-f64c-4e06-a2c9-63e792d2c679,60000,1.0,1 pack (6 pcs),PIECE,3000,6,12 months,,1,True,False,4.2,68,,,,
14/07/25 13:00:28,9f018423-4088-466b-ab3d-b7a1d6f1f342,9f018423-4088-466b-ab3d-b7a1d6f1f342,0ed3c6ae-9a69-4458-aac5-b6c3342c8954,13500,0,0,2,2,2025-07-11T16:14:51.989Z,False,13500,13500,True,SELLABLESKU,False,Cold Drinks & Juices,Instant Drink Mixes,GRAM,12200,GRAM,13000,4d088b94-ba43-4bf0-a881-a573862aa0a1,a0b8811a-46da-4f3d-a436-469ff77115f0,hershey's Chocolate Instant Powder Mix,hershey's,India,Hershey's India,,,9e382434-e4ab-4571-8a8f-30f95b9ac3ee,13500,110.0,,GRAM,110,6,12 months,,2,False,False,4.7,266,,,,
14/07/25 13:00:28,eb7cd8e8-4983-4bda-8708-4912c8606caa,eb7cd8e8-4983-4bda-8708-4912c8606caa,0ed3c6ae-9a69-4458-aac5-b6c3342c8954,27500,6,2000,3,3,2025-07-07T22:29:56.289Z,False,29500,27500,True,SELLABLESKU,False,Cold Drinks & Juices,Non-Alcoholic & Energy Drink,PIECE,1375,PIECE,26000,c6bba2b2-6b2d-4bd4-ae3d-adb6f9383393,58329075-f4bb-4131-833f-6fd4653c8a12,Fast&Up Reload Energy Drink Low Sugar Electrolyte - Lime Lemon Flavour,Fast&up,India,Fast&Up,"Fast&Up, Wing-A, Lion Sole Marg, Highland Park, Andheri West, Mumbai, Maharashtra 400102.",,ea62fbf8-dc72-4655-97a8-1f891789341d,29500,20.0,1 pack (20 pcs),PIECE,20,12,24 months,,3,True,False,4.9,87,TIER_2,2000.0,,
14/07/25 13:00:28,9426d764-f832-4944-9ab8-48f0cd58e538,9426d764-f832-4944-9ab8-48f0cd58e538,0ed3c6ae-9a69-4458-aac5-b6c3342c8954,1900,5,100,6,6,2025-07-14T05:54:02.041Z,False,2000,1900,True,SELLABLESKU,False,Cold Drinks & Juices,Soft Drinks,MILLILITRE,700,MILLILITRE,1900,dff3658b-c351-4e7f-8196-e98d0c66d99e,adea52e2-48a2-4ebb-a358-868aaa04666d,Bombay Banta Lemon Soda Soft Drink,Bombay Banta,India,,,,3a989903-630f-49ac-b170-7b2c7bc1a2ab,2000,250.0,,MILLILITRE,250,6,6 months,,6,False,False,4.6,876,TIER_2,100.0,,
14/07/25 13:00:28,84e7d14d-3516-4965-ba43-3bccefb57aea,84e7d14d-3516-4965-ba43-3bccefb57aea,0ed3c6ae-9a69-4458-aac5-b6c3342c8954,7000,12,1000,1,1,2025-07-11T14:04:32.721Z,False,8000,7000,True,SELLABLESKU,False,Cold Drinks & Juices,Soda & Mixers,MILLILITRE,2800,MILLILITRE,7000,0df54b3f-11f6-4ada-b38a-9be38ea25eba,6196eb9e-3764-4e04-90e8-1be1b9d3c38c,3 Sisters Jeera Masala Soda,3 Sisters,India,Adhar Beverages Private Limited,,,e9977cfb-3bc9-4b2c-b10f-d1c4dd490f8c,8000,250.0,,MILLILITRE,270,6,18 months,,1,False,False,4.4,823,TIER_2,1000.0,,
14/07/25 13:00:28,62394c03-65d3-42a6-a565-f071079f120c,62394c03-65d3-42a6-a565-f071079f120c,0ed3c6ae-9a69-4458-aac5-b6c3342c8954,27600,8,2400,2,2,2025-07-13T10:26:35.325Z,False,30000,27600,True,SELLABLESKU,False,Cold Drinks & Juices,Vegan Drinks,LITER,2760,LITER,25800,dcfd1067-a597-4ef0-81d6-9a3d1b9a2891,a4d67bda-f8f2-4aa3-af00-3f18582c98ce,So Good Plant Based Almond Milk,So Good,India,Life Health Foods India Pvt Ltd,"Life Health Foods India Pvt Ltd No.510, Atlanta Estate, Dr.Ambedkar Chowk, Off. W.E. Highway,Goregaon(E), Mumbai.",Almond Milk,046dd783-2e2f-456c-b320-d5e0c8bf93dc,30000,1.0,1 L,LITER,1000,6,12 months,,2,True,False,4.7,101,TIER_2,2400.0,,
14/07/25 13:00:28,97009cfc-d553-5fd7-acad-7cd478aad164,97009cfc-d553-5fd7-acad-7cd478aad164,0ed3c6ae-9a69-4458-aac5-b6c3342c8954,1500,0,0,6,6,2025-07-14T05:29:55.065Z,False,1500,1500,True,SELLABLESKU,False,Cold Drinks & Juices,Milk Drinks,MILLILITRE,800,MILLILITRE,1300,c5638eba-30c0-4a40-8c63-c9947fd22c16,f7700c38-1875-45ab-8093-cf881029b677,Smoodh Chaas Masala Flavoured Buttermilk Pet,Smoodh,India,,,,3e857b3a-5a46-417f-b8bb-771339952771,1500,180.0,,MILLILITRE,180,6,180 days,,6,False,False,4.2,755,,,,
14/07/25 13:00:28,c6ea23f2-d175-4f33-9ecf-9c7e163981b5,c6ea23f2-d175-4f33-9ecf-9c7e163981b5,0ed3c6ae-9a69-4458-aac5-b6c3342c8954,1900,5,100,6,6,2025-07-13T19:11:15.972Z,False,2000,1900,True,SELLABLESKU,False,Cold Drinks & Juices,Soft Drinks,MILLILITRE,700,MILLILITRE,1900,dff3658b-c351-4e7f-8196-e98d0c66d99e,f9538f84-908d-4416-a688-506915f46275,Bombay Banta Kala Khatta Soft Drink,Bombay Banta,India,,,,d70671c3-dfcc-4cf5-a1e0-157f822cd4a5,2000,250.0,,MILLILITRE,250,6,6 months,,6,False,False,4.4,1480,TIER_2,100.0,,
14/07/25 13:10:22,8bc60eae-d9f3-4748-b334-9f62eb47a1a5,8bc60eae-d9f3-4748-b334-9f62eb47a1a5,0ed3c6ae-9a69-4458-aac5-b6c3342c8954,13500,10,1500,4,4,2025-07-11T12:10:02.176Z,False,15000,13500,True,SELLABLESKU,False,Cold Drinks & Juices,Milk Drinks,MILLILITRE,5400,MILLILITRE,13100,c5638eba-30c0-4a40-8c63-c9947fd22c16,84c37cb7-bec0-4c8b-898f-bfb2ed2c3d4f,Epigamia Turbo Coffee Protein Milkshake,Epigamia,India,,,,403f785a-8d9a-48de-8dcc-0a2c987409c2,15000,250.0,,MILLILITRE,250,6,180 days,,4,False,False,4.2,138,TIER_2,1500.0,,
14/07/25 13:10:22,6963cc27-1734-4a3f-a3e0-bab59474ed14,6963cc27-1734-4a3f-a3e0-bab59474ed14,0ed3c6ae-9a69-4458-aac5-b6c3342c8954,27000,9,2900,2,2,2025-07-12T09:47:02.937Z,False,29900,27000,True,SELLABLESKU,False,Cold Drinks & Juices,Vegan Drinks,LITER,2700,LITER,24500,dcfd1067-a597-4ef0-81d6-9a3d1b9a2891,4ec970e8-e93d-4338-b73f-ec865dbf39cc,Alt Co. Almond Milk,Alt Co.,India,Alt Co,,,2f72762b-5215-495c-a9b9-9726b553e7b0,29900,1.0,1 L,LITER,1,6,12 months,,2,True,False,4.2,270,TIER_2,2900.0,,
14/07/25 13:10:22,5abd874d-8749-533b-befb-c545833fcdb4,5abd874d-8749-533b-befb-c545833fcdb4,0ed3c6ae-9a69-4458-aac5-b6c3342c8954,54200,8,5200,4,4,2025-07-12T23:26:40.354Z,False,59400,54200,True,SELLABLESKU,False,Cold Drinks & Juices,Non-Alcoholic & Energy Drink,LITER,5420,LITER,54200,c6bba2b2-6b2d-4bd4-ae3d-adb6f9383393,cb30052e-fafd-4c4c-a608-2daebcd15aef,Coolberg Non Alcoholic Beer | Party Pack,Coolberg,India,Coolberg Beverages Pvt. Ltd,,,e2eb868d-5870-4ea4-a1b4-fc8315ccd7fa,59400,1.98,6 x 330 ml,LITER,1980,6,12 months,,4,True,False,5.0,51,TIER_2,5200.0,,
14/07/25 13:10:22,f9aaa092-ead8-5908-a6c7-ba898dbe6bfc,f9aaa092-ead8-5908-a6c7-ba898dbe6bfc,554896ba-1bc3-493a-84c2-8a0ce07c2611,60000,0,0,1,1,2025-06-09T22:33:56.414Z,False,60000,60000,True,SELLABLESKU,False,Cold Drinks & Juices,Instant Drink Mixes,PIECE,60000,PIECE,55100,4d088b94-ba43-4bf0-a881-a573862aa0a1,55063063-a172-4d4f-bff6-407fbb8acc1c,Good Monk Orange Instant Drink Mix,Good Monk,India,,,,e325840f-78b7-4364-9ef3-4b3efc64958d,60000,1.0,396 g,PIECE,396,6,12 months,,1,True,False,4.5,655,,,,
14/07/25 13:10:22,9fece867-af1c-4068-a4a5-b07785f8d917,9fece867-af1c-4068-a4a5-b07785f8d917,0ed3c6ae-9a69-4458-aac5-b6c3342c8954,4000,0,0,1,1,2025-07-12T11:52:22.103Z,False,4000,4000,True,SELLABLESKU,False,Cold Drinks & Juices,Soft Drinks,MILLILITRE,1300,MILLILITRE,3800,dff3658b-c351-4e7f-8196-e98d0c66d99e,942d73e3-7db9-4ecc-9896-4fe98624488d,Pepsi Black Cola Diet Soft Drink,Pepsi Black,India,Pepsico India Holdings Pvt. Ltd,,,c6ddb7ce-ffe7-495d-bcbd-5e8697db0e78,4000,300.0,300 ml,MILLILITRE,300,6,9 months,,1,True,False,4.6,1767,,,,
14/07/25 13:10:22,6f8c4ff4-9b9f-5612-8027-2986d564b7fd,6f8c4ff4-9b9f-5612-8027-2986d564b7fd,0ed3c6ae-9a69-4458-aac5-b6c3342c8954,21700,9,2300,3,3,2025-07-11T14:04:50.377Z,False,24000,21700,True,SELLABLESKU,False,Cold Drinks & Juices,Soda & Mixers,PIECE,1808,PIECE,20400,0df54b3f-11f6-4ada-b38a-9be38ea25eba,34fe5b5f-25d2-45a1-a284-af57a0b47a91,Bombay Banta Imli Chaska Soda,Bombay Banta,India,Bombay Banta,,,7f7b7d9c-4f8e-484e-a86c-cfe1deb7bb20,24000,12.0,1 pack (12 pcs),PIECE,3500,6,180 days,,3,True,False,4.2,143,TIER_2,2300.0,,
14/07/25 13:10:22,d72ede7f-fd2b-49da-a6dd-5e3953f9a3b3,d72ede7f-fd2b-49da-a6dd-5e3953f9a3b3,0ed3c6ae-9a69-4458-aac5-b6c3342c8954,13500,10,1500,3,3,2025-07-12T07:45:55.329Z,False,15000,13500,True,SELLABLESKU,False,Cold Drinks & Juices,Milk Drinks,MILLILITRE,5400,MILLILITRE,13300,c5638eba-30c0-4a40-8c63-c9947fd22c16,5bff2f95-169e-4503-a1bc-5e344c4fd228,Epigamia Turbo Cookies and Cream Protein Milkshake,Epigamia,India,,,,b1ca615f-5384-4135-981d-343c46308dcd,15000,250.0,,MILLILITRE,250,6,180 days,,3,False,False,4.5,207,TIER_2,1500.0,,
14/07/25 13:10:22,92b0a880-1836-40a6-833c-737a87c2398c,92b0a880-1836-40a6-833c-737a87c2398c,0ed3c6ae-9a69-4458-aac5-b6c3342c8954,25200,4,1300,2,2,2025-07-03T09:21:52.351Z,False,26500,25200,True,SELLABLESKU,False,Cold Drinks & Juices,Instant Drink Mixes,GRAM,4000,GRAM,24600,4d088b94-ba43-4bf0-a881-a573862aa0a1,e7e9ebca-b521-4c0e-94f5-2fc53815f8a3,Hershey's Caramel Syrup,Hershey's,USA,The Hershey's Company,"Max Inc GI 13, GT Industrial Area, North (Delhi), 110033.","Cane Sugar, Water, Natural and Artificial Flavor, Sodium Benzoate and Potassium Sorbate (preservatives), Citric Acid,�Caramel�Color",47458cc6-6031-47ba-b205-6a9043451aad,26500,623.0,623 g,GRAM,623,12,13 months,,2,True,False,4.8,89,TIER_2,1300.0,,
14/07/25 13:10:22,2629e188-2674-5870-bda3-a5b12868e81d,2629e188-2674-5870-bda3-a5b12868e81d,554896ba-1bc3-493a-84c2-8a0ce07c2611,60000,0,0,1,1,2025-05-27T05:33:37.163Z,False,60000,60000,True,SELLABLESKU,False,Cold Drinks & Juices,Instant Drink Mixes,PIECE,60000,PIECE,55100,4d088b94-ba43-4bf0-a881-a573862aa0a1,ac6cce08-bdc3-4a8e-abd9-15116e443516,Good Monk Mixed Berries Instant Powder Mix,Good Monk,India,,,,8ca33985-102e-4aac-b032-4733509a0d10,60000,1.0,396 g,PIECE,396,6,12 months,,1,True,False,4.2,545,,,,
14/07/25 13:10:22,dbe6aecc-11cf-44e3-932f-ded55311236f,dbe6aecc-11cf-44e3-932f-ded55311236f,0ed3c6ae-9a69-4458-aac5-b6c3342c8954,14200,4,700,2,2,2025-07-07T07:42:28.728Z,False,14900,14200,True,SELLABLESKU,False,Cold Drinks & Juices,Instant Drink Mixes,GRAM,39400,GRAM,14200,4d088b94-ba43-4bf0-a881-a573862aa0a1,2b0b8ca5-efd3-4bb2-a5c9-1600dfe275ef,Fast&Up Nightout Instant Hangover Relief Drink,Fast&up,India,,,,0676c7f0-42a1-4057-b928-5b314d5cf05d,14900,36.0,1 pack (4 pcs),GRAM,20,6,24 months,,2,True,False,4.1,69,TIER_2,700.0,,
14/07/25 13:10:22,74418328-1ac2-480e-b9b2-462ac4ca9954,74418328-1ac2-480e-b9b2-462ac4ca9954,0ed3c6ae-9a69-4458-aac5-b6c3342c8954,13500,10,1500,5,5,2025-07-11T10:16:18.044Z,False,15000,13500,True,SELLABLESKU,False,Cold Drinks & Juices,Milk Drinks,MILLILITRE,5400,MILLILITRE,13100,c5638eba-30c0-4a40-8c63-c9947fd22c16,94967248-d3e6-4284-8356-e0f05cf35477,Epigamia Turbo Vanilla and Caramel Protein Milkshake,Epigamia,India,?Drums Food International Private Limited,,,e3d82530-d213-4a84-b68d-a81f8764afa2,15000,250.0,250 ml,MILLILITRE,250,6,180 days,,5,False,False,4.4,238,TIER_2,1500.0,,
14/07/25 13:10:22,9f8c76f8-fa44-51b5-a79e-810b65848128,9f8c76f8-fa44-51b5-a79e-810b65848128,0ed3c6ae-9a69-4458-aac5-b6c3342c8954,21700,9,2300,2,2,2025-07-11T13:57:38.596Z,False,24000,21700,True,SELLABLESKU,False,Cold Drinks & Juices,Soda & Mixers,PIECE,1808,PIECE,20400,0df54b3f-11f6-4ada-b38a-9be38ea25eba,94b47ee2-1aa9-454d-95e0-6e0d7efbb6c9,Bombay Banta Kala Khatta Black Currant Soda,Bombay Banta,India,Bombay Banta,,,e71986ee-9129-455c-a887-4e1b057d3480,24000,12.0,1 pack (12 pcs),PIECE,3500,6,180 days,,2,True,False,4.7,773,TIER_2,2300.0,,
14/07/25 13:10:22,d3a60768-84d6-4bff-8855-19171c4a4645,d3a60768-84d6-4bff-8855-19171c4a4645,0ed3c6ae-9a69-4458-aac5-b6c3342c8954,37600,5,2300,1,1,2025-07-12T13:06:08.710Z,False,39900,37600,True,SELLABLESKU,False,Cold Drinks & Juices,Fruit Juices & Drinks,LITER,3760,LITER,31900,c41e2ad3-2dcc-42b6-829b-7e3a8e78d754,dc3358f1-085d-4fa3-bce6-5f603d0dae0a,Raw Pressery Valencia Orange Fruit Juice,Raw Pressery,India,Rakyan Beverages Pvt. Ltd,"Rakyan Beverages Pvt. Ltd, B-12, JWC Logistic Park Pvt. Ltd., National Highway No.17 Palaspe, Panvel, Maharashtra.","ORANGE JUICE(91.8%), ORANGE PULP, CITRUS FIBER, ANTIOXIDANT / VITAMIN C ( INS 300)",64b0ed2d-8512-4b39-b2c1-5c6c50849db6,39900,1.0,1 L,LITER,1000,12,9 months,,1,True,False,4.6,176,TIER_2,2300.0,,
14/07/25 13:10:22,912d3118-54e0-4fa1-aca8-773503c953bd,912d3118-54e0-4fa1-aca8-773503c953bd,0ed3c6ae-9a69-4458-aac5-b6c3342c8954,28900,11,3600,2,2,2025-07-14T03:57:50.555Z,False,32500,28900,True,SELLABLESKU,False,Cold Drinks & Juices,Vegan Drinks,LITER,2890,LITER,26200,dcfd1067-a597-4ef0-81d6-9a3d1b9a2891,231e4f88-15d8-4eb1-9e34-764e4aad6077,Raw Pressery Almond Milk,Raw Pressery,India,Rakyan Beverages Pvt. Ltd,"Rakyan Beverages Pvt. Ltd, B-12, JWC Logistic Park Pvt. Ltd., National Highway No.17 Palaspe, Panvel, Maharashtra.",,1b1b90cc-ad0a-4f14-81a4-14f22b8b64ac,32500,1.0,1 L,LITER,1000,8,12 months,,2,True,False,4.5,113,TIER_2,3600.0,,
14/07/25 13:10:22,4b668e76-6797-5321-8a14-2a129750e84c,4b668e76-6797-5321-8a14-2a129750e84c,554896ba-1bc3-493a-84c2-8a0ce07c2611,60000,0,0,2,2,2025-07-11T14:00:03.585Z,False,60000,60000,True,SELLABLESKU,False,Cold Drinks & Juices,Instant Drink Mixes,PIECE,60000,PIECE,55100,4d088b94-ba43-4bf0-a881-a573862aa0a1,de9335ec-12d2-412f-acff-9b04b54ca532,Good Monk Pineapple Instant Drink Mix,Good Monk,India,Vital Neutraceuticals Pvt ltd,,,dfc4eae1-4466-47da-837c-ba475bdaae27,60000,1.0,396 g,PIECE,396,6,12 months,,2,True,False,4.2,541,,,,
14/07/25 13:10:22,c6a712c0-7384-4fc1-a46b-3c1a8ca4cca6,c6a712c0-7384-4fc1-a46b-3c1a8ca4cca6,0ed3c6ae-9a69-4458-aac5-b6c3342c8954,16200,10,1800,2,2,2025-07-13T02:25:20.334Z,False,18000,16200,True,SELLABLESKU,False,Cold Drinks & Juices,Soft Drinks,LITER,810,LITER,15300,dff3658b-c351-4e7f-8196-e98d0c66d99e,9137d726-af4c-4749-978a-95299ff21525,Bombay Banta Assorted Flavoured Soft Drink,Bombay Banta,India,,,,4f645769-2a09-4a6a-8bef-5dc6fd4625cd,18000,2.0,8 x 250 ml,LITER,2000,6,180 days,,2,True,False,4.8,71,TIER_2,1800.0,,
14/07/25 13:10:22,82ef7e7f-101e-4072-8fd8-24bc51fd6012,82ef7e7f-101e-4072-8fd8-24bc51fd6012,0ed3c6ae-9a69-4458-aac5-b6c3342c8954,11000,4,500,1,1,2025-07-12T15:57:23.836Z,False,11500,11000,True,SELLABLESKU,False,Cold Drinks & Juices,Instant Drink Mixes,GRAM,5500,GRAM,10700,4d088b94-ba43-4bf0-a881-a573862aa0a1,70255ead-049e-4f7b-bd7a-7c7d9b5d6d05,Hershey's Strawberry Syrup,Hershey's,USA,The Hershey's Company,"Hershey India Pvt Ltd, Plot, No 5, New Industrial Area No. 1, Mandideep Dist, Raisen - 462046, Madhya Pradesh.",,decb8a7d-bc15-4aa5-b610-f667e86c97f8,11500,200.0,200 g,GRAM,200,12,13 months,,1,False,False,4.4,174,TIER_2,500.0,,
14/07/25 13:10:22,0b5b2d13-f411-452c-8df2-2a9adf7a8cbb,0b5b2d13-f411-452c-8df2-2a9adf7a8cbb,0ed3c6ae-9a69-4458-aac5-b6c3342c8954,27500,6,2000,2,2,2025-06-21T06:10:32.992Z,False,29500,27500,True,SELLABLESKU,False,Cold Drinks & Juices,Non-Alcoholic & Energy Drink,PIECE,1375,PIECE,27400,c6bba2b2-6b2d-4bd4-ae3d-adb6f9383393,9d102185-1fa3-4109-84a0-e2b4067c6fd8,Fast&Up Reload Energy Drink Low Sugar Electrolyte - Berry Flavour,Fast&up,India,Fast&Up,"Fast&Up, Wing-A, Lion Sole Marg, Highland Park, Andheri West, Mumbai, Maharashtra 400102.",,4b659ece-3219-4eb8-9bf9-917c73c64361,29500,20.0,1 pack (20 pcs),PIECE,20,12,24 months,,2,True,False,5.0,65,TIER_2,2000.0,,
14/07/25 13:10:22,da9c30f1-40ba-4101-a995-311507f1ebcf,da9c30f1-40ba-4101-a995-311507f1ebcf,0ed3c6ae-9a69-4458-aac5-b6c3342c8954,33100,44,26900,1,1,2025-06-30T19:07:35.688Z,False,60000,33100,True,SELLABLESKU,False,Cold Drinks & Juices,Water,PIECE,5516,PIECE,33100,b783925b-6b57-4750-99f6-01ea5145ec5e,a3ec15c5-a259-487c-9644-5b210a5a8771,Aava Sparkling Water,AAVA,India,,,,0d29a119-9f54-4071-a8b7-116cfac4dfc4,60000,6.0,6 x 500 ml,PIECE,3000,6,180 days,,1,True,False,3.9,52,TIER_2,26900.0,,
14/07/25 13:10:22,776c0eb1-d8bc-4e31-9458-fe55da297135,776c0eb1-d8bc-4e31-9458-fe55da297135,0ed3c6ae-9a69-4458-aac5-b6c3342c8954,1900,5,100,6,6,2025-07-13T09:13:40.988Z,False,2000,1900,True,SELLABLESKU,False,Cold Drinks & Juices,Soft Drinks,MILLILITRE,700,MILLILITRE,1900,dff3658b-c351-4e7f-8196-e98d0c66d99e,b54a91f2-3ccb-43cf-941e-28001b9b280b,Bombay Banta Imli Jeera Soft Drink,Bombay Banta,India,,,,be528717-fa5a-4c31-a02e-a282e1e8952e,2000,250.0,,MILLILITRE,250,6,6 months,,6,False,False,4.4,768,TIER_2,100.0,,
14/07/25 13:10:22,00c220fd-4adb-527f-bb91-4f9327ca5df1,00c220fd-4adb-527f-bb91-4f9327ca5df1,0ed3c6ae-9a69-4458-aac5-b6c3342c8954,10000,0,0,6,6,2025-07-13T09:19:12.540Z,False,10000,10000,True,SELLABLESKU,False,Cold Drinks & Juices,Fruit Juices & Drinks,LITER,1000,LITER,9600,c41e2ad3-2dcc-42b6-829b-7e3a8e78d754,e880c134-66ab-4b9e-85a4-cfa880755af3,Frooti Mango Drink,Frooti,India,,,,e4578a06-0624-4988-9e64-680698c58557,10000,1.25,10 x 125 ml,LITER,1250,6,180 days,,6,False,False,4.8,1226,,,,
14/07/25 13:10:22,b382babb-cac1-468b-8233-dd3e9c6686fc,b382babb-cac1-468b-8233-dd3e9c6686fc,0ed3c6ae-9a69-4458-aac5-b6c3342c8954,5300,33,2700,1,1,2025-07-11T14:22:48.765Z,False,8000,5300,True,SELLABLESKU,False,Cold Drinks & Juices,Milk Drinks,MILLILITRE,2900,MILLILITRE,5300,c5638eba-30c0-4a40-8c63-c9947fd22c16,e7e3bea7-3acb-4980-abb5-50f0406a7780,Epigamia Greek Yogurt Blueberry Smoothie,Epigamia,India,Drums Food International Pvt Ltd,"Drums Food International Pvt Ltd, The Centrium, Office No 2 ( Unit 302) , Phoenix Marketcity , LBS Marg, Kurla West, Mumbai 400070.","Greek Yogurt (Pasteurized Double Toned Milk, Milk Solids, Stabilizing Agent (Pectin Ins 440), Permitted Starter Cultures), Processed Blueberry Pulp (Sugar, Blueberry Puree, Water, Stabilizing Agent (Pectin Ins 440), Lemon Juice Concentrate) Total Fruit Content: 3%",52cd9ab1-a85b-41fe-b213-341e3dfd82d6,8000,180.0,180 ml,MILLILITRE,200,12,30 days,,1,False,False,4.7,205,TIER_2,2700.0,,
14/07/25 13:10:22,67d71fc1-de0e-4986-b477-d47a7bffed7f,67d71fc1-de0e-4986-b477-d47a7bffed7f,0ed3c6ae-9a69-4458-aac5-b6c3342c8954,27900,5,1600,3,3,2025-07-12T06:31:42.147Z,False,29500,27900,True,SELLABLESKU,False,Cold Drinks & Juices,Vegan Drinks,LITER,2790,LITER,27800,dcfd1067-a597-4ef0-81d6-9a3d1b9a2891,48dd7ede-e731-4b0a-ae7e-ea6393f13751,Only Earth Organic Coconut Drink,Only Earth,India,Naturise Consumer Products Pvt Ltd,"Naturise Consumer Products Pvt Ltd, 109, Vellala stree, Purasawalkam, Chennai 600084.",,7e1d7282-d490-4373-a4c7-1c7e44976830,29500,1.0,1 L,LITER,1000,12,12 months,,3,True,False,4.6,66,TIER_2,1600.0,,
14/07/25 13:10:22,31db9e03-a710-4fe7-a5c6-1a2df0714a24,31db9e03-a710-4fe7-a5c6-1a2df0714a24,0ed3c6ae-9a69-4458-aac5-b6c3342c8954,28300,8,2700,2,2,2025-07-11T14:00:59.382Z,False,31000,28300,True,SELLABLESKU,False,Cold Drinks & Juices,Non-Alcoholic & Energy Drink,PIECE,28300,PIECE,28200,c6bba2b2-6b2d-4bd4-ae3d-adb6f9383393,cef29fdf-0563-4666-b017-4cdc8b91d851,Fast&Up Reload Zero Sugar Energy Drink for Hydration - Ice Current Flavour,Fast&up,India,AERONUTRIX SPORTS PRODUCTS PVT LTD,,,a882b6ec-f992-435e-946e-aaad037ca556,31000,1.0,1 pack (22 pcs),PIECE,150,6,24 months,,2,True,False,4.6,981,TIER_2,2700.0,,
14/07/25 13:10:22,8126b483-30e5-5e25-91d6-48f86c9a692a,8126b483-30e5-5e25-91d6-48f86c9a692a,0ed3c6ae-9a69-4458-aac5-b6c3342c8954,60000,0,0,1,1,2025-07-11T13:54:37.210Z,False,60000,60000,True,SELLABLESKU,False,Cold Drinks & Juices,Water,PIECE,60000,PIECE,60000,b783925b-6b57-4750-99f6-01ea5145ec5e,81efb389-67b7-441c-9610-94cea61bb405,Evocus Natural Black Alkaline Water,Evocus,India,Evocus,,,df6aa881-f64c-4e06-a2c9-63e792d2c679,60000,1.0,1 pack (6 pcs),PIECE,3000,6,12 months,,1,True,False,4.2,68,,,,
14/07/25 13:10:22,9f018423-4088-466b-ab3d-b7a1d6f1f342,9f018423-4088-466b-ab3d-b7a1d6f1f342,0ed3c6ae-9a69-4458-aac5-b6c3342c8954,13500,0,0,2,2,2025-07-11T16:14:51.989Z,False,13500,13500,True,SELLABLESKU,False,Cold Drinks & Juices,Instant Drink Mixes,GRAM,12200,GRAM,13000,4d088b94-ba43-4bf0-a881-a573862aa0a1,a0b8811a-46da-4f3d-a436-469ff77115f0,hershey's Chocolate Instant Powder Mix,hershey's,India,Hershey's India,,,9e382434-e4ab-4571-8a8f-30f95b9ac3ee,13500,110.0,,GRAM,110,6,12 months,,2,False,False,4.7,266,,,,
14/07/25 13:10:22,eb7cd8e8-4983-4bda-8708-4912c8606caa,eb7cd8e8-4983-4bda-8708-4912c8606caa,0ed3c6ae-9a69-4458-aac5-b6c3342c8954,27500,6,2000,3,3,2025-07-07T22:29:56.289Z,False,29500,27500,True,SELLABLESKU,False,Cold Drinks & Juices,Non-Alcoholic & Energy Drink,PIECE,1375,PIECE,26000,c6bba2b2-6b2d-4bd4-ae3d-adb6f9383393,58329075-f4bb-4131-833f-6fd4653c8a12,Fast&Up Reload Energy Drink Low Sugar Electrolyte - Lime Lemon Flavour,Fast&up,India,Fast&Up,"Fast&Up, Wing-A, Lion Sole Marg, Highland Park, Andheri West, Mumbai, Maharashtra 400102.",,ea62fbf8-dc72-4655-97a8-1f891789341d,29500,20.0,1 pack (20 pcs),PIECE,20,12,24 months,,3,True,False,4.9,87,TIER_2,2000.0,,
14/07/25 13:10:22,9426d764-f832-4944-9ab8-48f0cd58e538,9426d764-f832-4944-9ab8-48f0cd58e538,0ed3c6ae-9a69-4458-aac5-b6c3342c8954,1900,5,100,6,6,2025-07-14T05:54:02.041Z,False,2000,1900,True,SELLABLESKU,False,Cold Drinks & Juices,Soft Drinks,MILLILITRE,700,MILLILITRE,1900,dff3658b-c351-4e7f-8196-e98d0c66d99e,adea52e2-48a2-4ebb-a358-868aaa04666d,Bombay Banta Lemon Soda Soft Drink,Bombay Banta,India,,,,3a989903-630f-49ac-b170-7b2c7bc1a2ab,2000,250.0,,MILLILITRE,250,6,6 months,,6,False,False,4.6,876,TIER_2,100.0,,
14/07/25 13:10:22,84e7d14d-3516-4965-ba43-3bccefb57aea,84e7d14d-3516-4965-ba43-3bccefb57aea,0ed3c6ae-9a69-4458-aac5-b6c3342c8954,7000,12,1000,1,1,2025-07-11T14:04:32.721Z,False,8000,7000,True,SELLABLESKU,False,Cold Drinks & Juices,Soda & Mixers,MILLILITRE,2800,MILLILITRE,7000,0df54b3f-11f6-4ada-b38a-9be38ea25eba,6196eb9e-3764-4e04-90e8-1be1b9d3c38c,3 Sisters Jeera Masala Soda,3 Sisters,India,Adhar Beverages Private Limited,,,e9977cfb-3bc9-4b2c-b10f-d1c4dd490f8c,8000,250.0,,MILLILITRE,270,6,18 months,,1,False,False,4.4,823,TIER_2,1000.0,,
14/07/25 13:10:22,62394c03-65d3-42a6-a565-f071079f120c,62394c03-65d3-42a6-a565-f071079f120c,0ed3c6ae-9a69-4458-aac5-b6c3342c8954,27600,8,2400,2,2,2025-07-13T10:26:35.325Z,False,30000,27600,True,SELLABLESKU,False,Cold Drinks & Juices,Vegan Drinks,LITER,2760,LITER,25800,dcfd1067-a597-4ef0-81d6-9a3d1b9a2891,a4d67bda-f8f2-4aa3-af00-3f18582c98ce,So Good Plant Based Almond Milk,So Good,India,Life Health Foods India Pvt Ltd,"Life Health Foods India Pvt Ltd No.510, Atlanta Estate, Dr.Ambedkar Chowk, Off. W.E. Highway,Goregaon(E), Mumbai.",Almond Milk,046dd783-2e2f-456c-b320-d5e0c8bf93dc,30000,1.0,1 L,LITER,1000,6,12 months,,2,True,False,4.7,101,TIER_2,2400.0,,
14/07/25 13:10:22,97009cfc-d553-5fd7-acad-7cd478aad164,97009cfc-d553-5fd7-acad-7cd478aad164,0ed3c6ae-9a69-4458-aac5-b6c3342c8954,1500,0,0,6,6,2025-07-14T05:29:55.065Z,False,1500,1500,True,SELLABLESKU,False,Cold Drinks & Juices,Milk Drinks,MILLILITRE,800,MILLILITRE,1300,c5638eba-30c0-4a40-8c63-c9947fd22c16,f7700c38-1875-45ab-8093-cf881029b677,Smoodh Chaas Masala Flavoured Buttermilk Pet,Smoodh,India,,,,3e857b3a-5a46-417f-b8bb-771339952771,1500,180.0,,MILLILITRE,180,6,180 days,,6,False,False,4.2,755,,,,
14/07/25 13:10:22,c6ea23f2-d175-4f33-9ecf-9c7e163981b5,c6ea23f2-d175-4f33-9ecf-9c7e163981b5,0ed3c6ae-9a69-4458-aac5-b6c3342c8954,1900,5,100,6,6,2025-07-13T19:11:15.972Z,False,2000,1900,True,SELLABLESKU,False,Cold Drinks & Juices,Soft Drinks,MILLILITRE,700,MILLILITRE,1900,dff3658b-c351-4e7f-8196-e98d0c66d99e,f9538f84-908d-4416-a688-506915f46275,Bombay Banta Kala Khatta Soft Drink,Bombay Banta,India,,,,d70671c3-dfcc-4cf5-a1e0-157f822cd4a5,2000,250.0,,MILLILITRE,250,6,6 months,,6,False,False,4.4,1480,TIER_2,100.0,,
14/07/25 13:17:09,72364048-e997-41e5-8ee0-d282c1ccc80d,72364048-e997-41e5-8ee0-d282c1ccc80d,0ed3c6ae-9a69-4458-aac5-b6c3342c8954,7000,12,1000,2,2,2025-07-11T13:58:01.309Z,False,8000,7000,True,SELLABLESKU,False,Cold Drinks & Juices,Soda & Mixers,MILLILITRE,2800,MILLILITRE,6400,0df54b3f-11f6-4ada-b38a-9be38ea25eba,5620d543-1717-4ba0-913a-e16724976e02,3 Sisters Imli Chaska Soda,3 Sisters,India,Adhar Beverages Private Limited,,,41e3069d-f14f-4da7-ba6b-123201c6f29a,8000,250.0,,MILLILITRE,270,6,18 months,,2,False,False,4.4,354,TIER_2,1000.0,,
14/07/25 13:17:09,93bfa381-8f8e-55a7-8972-1c88e262ec68,93bfa381-8f8e-55a7-8972-1c88e262ec68,0ed3c6ae-9a69-4458-aac5-b6c3342c8954,24500,23,7500,2,2,2025-07-12T01:31:37.006Z,False,32000,24500,True,SELLABLESKU,False,Cold Drinks & Juices,Instant Drink Mixes,GRAM,3200,GRAM,22900,4d088b94-ba43-4bf0-a881-a573862aa0a1,81b70af5-f11f-4444-bf08-9e535b877e08,Rasna Mango Instant Powder Mix,Rasna,India,Rasna Private Limited,,,3b09e1da-6ac6-48dd-b644-16de94da1c6a,32000,750.0,750 g,GRAM,750,6,24 months,,2,True,False,5.0,58,TIER_2,7500.0,,
14/07/25 13:17:09,ae379082-53cd-4e6c-88bd-022a45c8f930,ae379082-53cd-4e6c-88bd-022a45c8f930,0ed3c6ae-9a69-4458-aac5-b6c3342c8954,27400,7,2100,2,2,2025-07-10T23:30:09.621Z,False,29500,27400,True,SELLABLESKU,False,Cold Drinks & Juices,Non-Alcoholic & Energy Drink,PIECE,1370,PIECE,27400,c6bba2b2-6b2d-4bd4-ae3d-adb6f9383393,e18255d2-bc1e-46a6-a455-2d449f24cb10,Fast&Up Reload Energy Drink Low Sugar Electrolyte - Mojito Flavour,Fast&up,India,Fast&Up,,,24664565-a53a-4c06-b3ec-b41fb8b64639,29500,20.0,1 pack (20 pcs),PIECE,20,6,24 months,,2,True,False,4.2,843,TIER_2,2100.0,,
14/07/25 13:17:09,c77ad7bf-a35e-401c-932f-a1e445dd1650,c77ad7bf-a35e-401c-932f-a1e445dd1650,0ed3c6ae-9a69-4458-aac5-b6c3342c8954,7500,0,0,5,5,2025-07-13T06:50:33.690Z,False,7500,7500,True,SELLABLESKU,False,Cold Drinks & Juices,Fruit Juices & Drinks,MILLILITRE,600,MILLILITRE,6100,c41e2ad3-2dcc-42b6-829b-7e3a8e78d754,68b3332c-42b0-4999-ae8e-df77ecadc12e,Frooti Mango Fruit Juice,Frooti,India,Parle Agro,,"Water, Mango Pulp, Sugar, Acidity Regulator (330), Antioxidant (300). Contains Permitted (Class Ii) Preservatives (211.202.224). Contains Added Permitted Synthetic Food Colour (110) And Nature Identical Flavouring Substances (Mango).",73a33d8f-45f6-4a11-82ca-f5880412bf91,7500,1200.0,1.2 L,MILLILITRE,1200,24,179 days,per 100 ml of productEnergy (kcal) - 65Carbohydrates (g) - 16.2�Natural Sugar (g) - 2.5Added sugar (g) - 13.3Fat (g) - 0Protein (g) - 0Calcium (mg) - 8Vit A (mcg) - 120,5,False,False,4.7,6680,,,,
14/07/25 13:17:09,9fda4159-34dc-5a98-bb7f-47181baeae55,9fda4159-34dc-5a98-bb7f-47181baeae55,0ed3c6ae-9a69-4458-aac5-b6c3342c8954,4500,0,0,1,1,2025-07-12T16:20:15.607Z,False,4500,4500,True,SELLABLESKU,False,Cold Drinks & Juices,Soda & Mixers,MILLILITRE,1800,MILLILITRE,4200,0df54b3f-11f6-4ada-b38a-9be38ea25eba,82f1b820-933f-4be1-9924-851b073f0722,Bombay 99 Club Soda,Bombay 99,India,Parle Agro Pvt Ltd,"Parle Agro Pvt Ltd, Plot No. 32-42, Adakanhalli Industrial Area, Nanjangud Taluk, Mysore -571302' Country of origin",Purified Water & Carbon dioxide.,4ea99e0c-280d-4933-bafb-c7cabbc5df5a,4500,250.0,250 ml,MILLILITRE,250,16,12 months,,1,False,False,3.9,88,,,,
14/07/25 13:17:09,6b037605-e246-4cb2-b996-1a421527a542,6b037605-e246-4cb2-b996-1a421527a542,0ed3c6ae-9a69-4458-aac5-b6c3342c8954,9200,7,700,4,4,2025-07-12T23:46:11.756Z,False,9900,9200,True,SELLABLESKU,False,Cold Drinks & Juices,Non-Alcoholic & Energy Drink,MILLILITRE,2700,MILLILITRE,8500,c6bba2b2-6b2d-4bd4-ae3d-adb6f9383393,dc293798-dcd4-40fc-b123-6e9436b9890d,Coolberg Strawberry Non Alcoholic Beer,Coolberg,India,Coolberg Beverages Pvt Ltd,"Universal Business Park, 406, A-Wing, Off, Saki Vihar Rd, Chandivali, Mumbai, Maharashtra 400072.","Carbonated Water, Sugar, Apple Juice Concentrate (1.40%), Barley Malt, Acidulant (INS 330), Herbs, Permitted Class II Preservatives (INS 211), Acidity Regulator (INS 331), Contains Permitted Natural Food Colour (INS 150d) And Added flavours (Natural, Nature Identical And Artificial Flavouring Substances- Strawberry)",6c088207-64aa-4078-bf87-2c3c7efeda9a,9900,330.0,330 ml,MILLILITRE,330,12,12 months,Energy- 49.33 KcalProtein- 0.64 gCarbohydrates- 11.67 gSugar- 11.11 gFat- 0.01 g,4,False,False,4.7,836,TIER_2,700.0,,
14/07/25 13:17:09,295027cd-d4ed-57e7-987a-0c662831fb7b,295027cd-d4ed-57e7-987a-0c662831fb7b,0ed3c6ae-9a69-4458-aac5-b6c3342c8954,24500,23,7500,2,2,2025-06-15T10:03:34.156Z,False,32000,24500,True,SELLABLESKU,False,Cold Drinks & Juices,Instant Drink Mixes,GRAM,3200,GRAM,22900,4d088b94-ba43-4bf0-a881-a573862aa0a1,f6f74925-3b12-4bb7-a14c-57b8e0010da3,Rasna Lemon Instant Powder Mix,Rasna,India,Rasna Private Limited,,,14ef2002-e96a-4f46-ac64-31548d47a464,32000,750.0,,GRAM,750,6,24 months,,2,True,False,4.5,807,TIER_2,7500.0,,
14/07/25 13:17:09,23246ad6-cb0a-4278-9518-abd9c4d066bd,23246ad6-cb0a-4278-9518-abd9c4d066bd,0ed3c6ae-9a69-4458-aac5-b6c3342c8954,3400,15,600,4,4,2025-07-13T15:49:36.755Z,False,4000,3400,True,SELLABLESKU,False,Cold Drinks & Juices,Milk Drinks,MILLILITRE,1800,MILLILITRE,3000,c5638eba-30c0-4a40-8c63-c9947fd22c16,44c753c3-6c26-4223-a039-c94e6c99aa1c,Hershey's Chocolate Milkshake,Hershey's,USA,The Hershey's Company,"Hershey India Pvt Ltd, Plot, No 5, New Industrial Area No. 1, Mandideep Dist, Raisen - 462046, Madhya Pradesh.",,88e09c4d-9227-43b4-81bf-6299d92a654a,4000,180.0,180 ml,MILLILITRE,180,12,9 months,,4,False,False,4.6,2160,TIER_2,600.0,,
14/07/25 13:17:09,ebe2d7ce-7c66-4307-8974-e5d16c915787,ebe2d7ce-7c66-4307-8974-e5d16c915787,0ed3c6ae-9a69-4458-aac5-b6c3342c8954,2200,12,300,8,8,2025-07-13T09:33:20.601Z,False,2500,2200,True,SELLABLESKU,False,Cold Drinks & Juices,Soft Drinks,MILLILITRE,600,MILLILITRE,2200,dff3658b-c351-4e7f-8196-e98d0c66d99e,a6ee8bfd-8f4d-42dd-9b53-5c66cd9b71ce,7UP Nimbooz Soft Drink,7UP Nimbooz,India,Varun Beverages Limited,"Varun Beverages Limited, Plot No. 31, Institutional Area, Sector - 44, Gurgaon - 122002, Haryana, India.","Water, Sugar, Concentrated Lemon Juice (0.7%), Acidity Regulators (331(Iii), 296, 330), Flavour (Natural Flavouring Substances), Iodised Salt, Stabilizer (445(Iii)), Preservative (202). Equivalent To 5% Lemon Juice (Reconstituted)""",5958fc48-7c79-46e4-a5f0-b752158eacab,2500,350.0,350 ml,MILLILITRE,250,8,120 days,"Serve Size: 200 ml; 1.8 servings in this pack 
  Per 100 ml % RDA Per Serve
 Energy 42 kcal 4%
 Protein 0 g 
 Carbohydrate 10.6 g 
 Total Sugars  10.6 g 
 Added Sugars  10.5 g 42%
Total Fat 0 g 0%
 Saturated Fat  0 g 0%
Trans Fat  0 g 0%
Sodium  65 mg 7%
^Approximate Values""",8,False,False,4.7,7831,TIER_2,300.0,,
14/07/25 13:17:09,c93d8c2c-2036-4756-85c2-7a22e6ac1527,c93d8c2c-2036-4756-85c2-7a22e6ac1527,0ed3c6ae-9a69-4458-aac5-b6c3342c8954,27600,8,2400,2,2,2025-07-07T12:11:02.583Z,False,30000,27600,True,SELLABLESKU,False,Cold Drinks & Juices,Vegan Drinks,LITER,2760,LITER,26200,dcfd1067-a597-4ef0-81d6-9a3d1b9a2891,ac931d8e-612a-425b-9cb4-7efea478e971,So Good Regular Oat Milk,So Good,India,LHF,,,cedaec19-a71a-4fd7-8a34-8af2e85591f6,30000,1.0,1 L,LITER,1,12,12 months,,2,True,False,4.4,71,TIER_2,2400.0,,
14/07/25 13:17:09,a670315b-39d8-409b-b0ef-5fc3a5adfda1,a670315b-39d8-409b-b0ef-5fc3a5adfda1,0ed3c6ae-9a69-4458-aac5-b6c3342c8954,9200,7,700,3,3,2025-07-07T00:26:59.312Z,False,9900,9200,True,SELLABLESKU,False,Cold Drinks & Juices,Non-Alcoholic & Energy Drink,MILLILITRE,2700,MILLILITRE,8500,c6bba2b2-6b2d-4bd4-ae3d-adb6f9383393,38d6bdf6-5984-4a89-9806-3fcaca94bf30,Coolberg Peach Non Alcoholic Beer,Coolberg,India,Coolberg Beverages Pvt Ltd,"Universal Business Park, 406, A-Wing, Off, Saki Vihar Rd, Chandivali, Mumbai, Maharashtra 400072.",,015d8c7b-5906-48fe-b0ee-66a142d22f31,9900,330.0,330 ml,MILLILITRE,330,12,12 months,,3,True,False,4.7,352,TIER_2,700.0,,
14/07/25 13:17:09,21383217-2c62-4d32-9ddf-9b78f7e7714b,21383217-2c62-4d32-9ddf-9b78f7e7714b,0ed3c6ae-9a69-4458-aac5-b6c3342c8954,4000,0,0,24,24,2025-07-13T12:53:17.885Z,False,4000,4000,True,SELLABLESKU,False,Cold Drinks & Juices,Fruit Juices & Drinks,MILLILITRE,600,MILLILITRE,3200,c41e2ad3-2dcc-42b6-829b-7e3a8e78d754,68b3332c-42b0-4999-ae8e-df77ecadc12e,Frooti Mango Fruit Juice,Frooti,India,Parle Agro,,"Water, Mango Pulp, Sugar, Acidity Regulator (330), Antioxidant (300). Contains Permitted (Class Ii) Preservatives (211.202.224). Contains Added Permitted Synthetic Food Colour (110) And Nature Identical Flavouring Substances (Mango).",5d31041f-31fd-47b0-b1a4-cb03a40c30f4,4000,600.0,600 ml,MILLILITRE,600,24,6 months,,24,False,False,4.7,6680,,,,
14/07/25 13:17:09,acdf8b5b-4762-5b0b-aa16-011660778134,acdf8b5b-4762-5b0b-aa16-011660778134,0ed3c6ae-9a69-4458-aac5-b6c3342c8954,8500,14,1400,3,3,2025-07-12T17:28:33.090Z,False,9900,8500,True,SELLABLESKU,False,Cold Drinks & Juices,Non-Alcoholic & Energy Drink,MILLILITRE,2500,MILLILITRE,8000,c6bba2b2-6b2d-4bd4-ae3d-adb6f9383393,bc433c4c-6468-411a-bfd9-c2146d7993d2,Coolberg Mint Non Alcoholic Beer,Coolberg,India,,,,c73a5c08-03bb-4182-90a3-9b7f098fb130,9900,330.0,330 ml,MILLILITRE,600,6,12 months,,3,False,False,4.7,207,TIER_2,1400.0,,
14/07/25 13:17:09,53ea2bdb-37b7-446c-a6d0-807cd0513751,53ea2bdb-37b7-446c-a6d0-807cd0513751,0ed3c6ae-9a69-4458-aac5-b6c3342c8954,7500,0,0,12,12,2025-07-14T01:27:08.086Z,False,7500,7500,True,SELLABLESKU,False,Cold Drinks & Juices,Water,LITER,150,LITER,7500,b783925b-6b57-4750-99f6-01ea5145ec5e,0d579560-8fd3-4708-88b0-7ef5245ff0c9,Bisleri Packaged Drinking Water,Bisleri,India,BISLERI INTERNATIONAL PVT LTD,"BISLERI INTERNATIONAL PVT LTD, 29/33, UDAYAGIRI VILLAGE, DEVANAHALLI, BANGALORE-562110.",,02301ce1-e2ee-45f5-8761-39dfe0cc68f9,7500,5.0,5 L,LITER,5000,12,6 months,Typical value per 100 ml of product.Potassium (mg) - 0.1Magnesium (mg) - 0.2,12,False,False,4.7,3337,,,,
14/07/25 13:17:09,8c027ead-426f-479e-88b5-00adc84c6899,8c027ead-426f-479e-88b5-00adc84c6899,0ed3c6ae-9a69-4458-aac5-b6c3342c8954,9300,6,600,2,2,2025-07-11T16:02:58.945Z,False,9900,9300,True,SELLABLESKU,False,Cold Drinks & Juices,Non-Alcoholic & Energy Drink,MILLILITRE,2800,MILLILITRE,8600,c6bba2b2-6b2d-4bd4-ae3d-adb6f9383393,a979a8bc-3595-45b4-888c-98052c6bd3c7,3 Sisters Cranberry Non Alcoholic Beer,3 Sisters,India,,,,40b9a67f-05ac-4882-a9f7-74a18d95eb06,9900,330.0,,MILLILITRE,600,6,12 months,,2,False,False,4.4,449,TIER_2,600.0,,
14/07/25 13:17:09,759842ab-2e5e-4eaf-9cd0-414cf5b2f80c,759842ab-2e5e-4eaf-9cd0-414cf5b2f80c,0ed3c6ae-9a69-4458-aac5-b6c3342c8954,27700,14,4800,1,1,2025-07-12T23:21:03.189Z,False,32500,27700,True,SELLABLESKU,False,Cold Drinks & Juices,Vegan Drinks,LITER,2770,LITER,27600,dcfd1067-a597-4ef0-81d6-9a3d1b9a2891,c9938583-baa6-4d52-84cb-382e7f6f9d04,So Good Barista Oat Beverage,So Good,India,LHF,,,33833e18-df7a-46d4-bd41-32abd6a71f16,32500,1.0,1 L,LITER,1000,6,12 months,,1,True,False,4.5,616,TIER_2,4800.0,,
14/07/25 13:17:09,8395089d-9fb6-4444-bd51-216346d42120,8395089d-9fb6-4444-bd51-216346d42120,0ed3c6ae-9a69-4458-aac5-b6c3342c8954,66000,0,0,3,3,2025-07-13T14:03:28.728Z,False,66000,66000,True,SELLABLESKU,False,Cold Drinks & Juices,Soda & Mixers,MILLILITRE,20000,MILLILITRE,47500,0df54b3f-11f6-4ada-b38a-9be38ea25eba,b8cbee0e-6759-48a7-a6b3-f7d84ceb0096,Perrier Natural Sparkling Water,Perrier,France,,,,3ad14843-0d8d-406d-ba61-3f7ddb1af331,66000,330.0,4 x 330 ml,MILLILITRE,1320,6,36 months,,3,True,False,5.0,52,,,,
14/07/25 13:17:09,faf2809d-f71b-5254-8437-d820de96ba40,faf2809d-f71b-5254-8437-d820de96ba40,0ed3c6ae-9a69-4458-aac5-b6c3342c8954,9900,0,0,2,2,2025-07-09T08:16:31.811Z,False,9900,9900,True,SELLABLESKU,False,Cold Drinks & Juices,Instant Drink Mixes,MILLILITRE,3000,MILLILITRE,9400,4d088b94-ba43-4bf0-a881-a573862aa0a1,98cc8680-43a1-47d3-8d58-6f870cf51e88,Mapro Strawberry Fruit Crush,Mapro,India,,,,f5a6598e-7c4d-4b92-bf53-50c611cd05a0,9900,330.0,330 ml,MILLILITRE,330,6,12 months,,2,True,False,4.6,303,,,,
14/07/25 13:17:09,5d32eaf6-64e6-4fa8-8c86-c0a394b574c5,5d32eaf6-64e6-4fa8-8c86-c0a394b574c5,0ed3c6ae-9a69-4458-aac5-b6c3342c8954,3500,12,500,6,6,2025-07-12T11:41:01.902Z,False,4000,3500,True,SELLABLESKU,False,Cold Drinks & Juices,Milk Drinks,MILLILITRE,1900,MILLILITRE,3300,c5638eba-30c0-4a40-8c63-c9947fd22c16,c6e2b7d7-146e-4303-a393-f33aa183bca5,Hershey's Cookies and Cream Milkshake,Hershey's,USA,The Hershey's Company,"Hershey India Private Limited, Plot No. 5, New Industrial Area No. 1, Mandideep, Dist Raisen 462046, MP, India",,92461036-68ef-4af6-ae40-77836b4da717,4000,180.0,180 ml,MILLILITRE,180,12,9 months,,6,False,False,4.4,858,TIER_2,500.0,,
14/07/25 13:17:09,057d52e4-a0a5-48a3-90f4-a8336576a697,057d52e4-a0a5-48a3-90f4-a8336576a697,0ed3c6ae-9a69-4458-aac5-b6c3342c8954,3000,0,0,12,12,2025-07-13T22:37:31.030Z,False,3000,3000,True,SELLABLESKU,False,Cold Drinks & Juices,Water,LITER,150,LITER,3000,b783925b-6b57-4750-99f6-01ea5145ec5e,6399053f-7bde-4fd2-b1f1-76df91853fdd,Bisleri Packaged Drinking Water,Bisleri,India,BISLERI INTERNATIONAL PVT LTD,"BISLERI INTERNATIONAL PVT LTD, 29/33, UDAYAGIRI VILLAGE, DEVANAHALLI, BANGALORE-562110.",,d565b64e-9cc5-4b0d-9189-35129776abdb,3000,2.0,2 l,LITER,2,12,6 months,Typical value per 100 ml of product.Potassium (mg) - 0.1Magnesium (mg) - 0.2,12,False,False,4.8,7137,,,,
14/07/25 13:17:09,03a0dbcf-2ab6-4305-84a8-e576c37b8728,03a0dbcf-2ab6-4305-84a8-e576c37b8728,0ed3c6ae-9a69-4458-aac5-b6c3342c8954,27700,14,4800,4,4,2025-07-12T04:35:36.745Z,False,32500,27700,True,SELLABLESKU,False,Cold Drinks & Juices,Vegan Drinks,LITER,2770,LITER,19500,dcfd1067-a597-4ef0-81d6-9a3d1b9a2891,44cae3b5-1e38-4a08-9d13-f39fff737826,Epigamia Almond Milk,Epigamia,India,Drums Food International Pvt Ltd,"Drums Food International Pvt Ltd, The Centrium, Office No 2 ( Unit 302) , Phoenix Marketcity , LBS Marg, Kurla West, Mumbai 400070.",,6312bdca-1472-4df2-ae61-32e235e41ec6,32500,1.0,1 L,LITER,1,12,9 months,,4,True,False,4.7,511,TIER_2,4800.0,,
14/07/25 13:17:09,bf0ab63a-09ae-511f-8747-3eb22a3730fa,bf0ab63a-09ae-511f-8747-3eb22a3730fa,0ed3c6ae-9a69-4458-aac5-b6c3342c8954,19800,0,0,2,2,2025-07-10T18:32:44.110Z,False,19800,19800,True,SELLABLESKU,False,Cold Drinks & Juices,Instant Drink Mixes,MILLILITRE,2600,MILLILITRE,18800,4d088b94-ba43-4bf0-a881-a573862aa0a1,bdeeb136-c44c-4fbb-a48c-713834a5d87b,Mapro Strawberry Fruit Crush,Mapro,India,,,,0a7cadba-08b4-48e5-97f3-1a263b7b34de,19800,750.0,750 ml,MILLILITRE,750,6,12 months,,2,True,False,4.2,593,,,,
14/07/25 13:17:09,e2268e4b-824e-4d9e-bcb7-4e5a59537e70,e2268e4b-824e-4d9e-bcb7-4e5a59537e70,0ed3c6ae-9a69-4458-aac5-b6c3342c8954,3600,10,400,5,5,2025-07-13T12:29:54.632Z,False,4000,3600,True,SELLABLESKU,False,Cold Drinks & Juices,Milk Drinks,MILLILITRE,2000,MILLILITRE,3400,c5638eba-30c0-4a40-8c63-c9947fd22c16,4fd9f646-a508-4343-bb65-6def1bb1a945,Epigamia Chocolate Milkshake,Epigamia,India,Drums Food International Pvt Ltd,"Drums Food International Pvt Ltd, The Centrium, Office No 2 ( Unit 302) , Phoenix Marketcity , LBS Marg, Kurla West, Mumbai 400070.","Fortified Toned Milk (73.4%) [Milk, Milk Solids, Vitamin A&D], Water, Sugar, Milk Solids, Cocoa Powder (115%), Emulsifier & Stabilizer (INS 471, INS 407, INS 412), Acidity Regulator [INS 339 (ii)], Flavour (Nature Identical Flavouring substances), Iodized Salt.",88f70d00-4561-4232-8bc7-e0331d189055,4000,180.0,180 ml,MILLILITRE,180,16,9 months,"Per 100 ml :-Energy 103 Kcal,Protein 3 g,Carbohydrate 15.5 g,Total Sugars 15.5 g,Added Sugars 11 g,Total Fat 3.2 g,Saturated Fat 2 g,Trans Fat 0.1 g,Cholesterol 10.1 mg,Vitamin A 66.9 mcg,VitaminD 0.60 mcg,Calcium 100 mg,Sodium 50 mg.",5,False,False,4.6,1544,TIER_2,400.0,,
14/07/25 13:17:09,10ad5afb-19d5-459a-acac-76d546d95772,10ad5afb-19d5-459a-acac-76d546d95772,0ed3c6ae-9a69-4458-aac5-b6c3342c8954,4000,0,0,2,2,2025-07-13T16:11:45.864Z,False,4000,4000,True,SELLABLESKU,False,Cold Drinks & Juices,Soft Drinks,MILLILITRE,600,MILLILITRE,3800,dff3658b-c351-4e7f-8196-e98d0c66d99e,f5e2a467-d8d2-4b7a-82b8-6169d19f2fb8,Appy Fizz Apple Soft Drink | Pet,Appy,India,Parle Agro Pvt Ltd,"Parle Agro Pvt Ltd, Plot No; 32 to 46 & 54 to 63, Adakanahalli Industrial Area, Nanjangud taluk, Mysore District - 571302.","Water, Reconstituted Apple Juice, Sugar, CO2, Acidity Regulators, Antioxidant.",6a99c24e-d8f2-4f51-8aef-8282ffc69dca,4000,600.0,600 ml,MILLILITRE,600,12,120 days,Typical value per 100 ml of product.Energy (kcal) - 54Carbohydrates (g) - 13.6 -Natural Sugar (g) - 1.3 -Sugar (g) - 12.3Fat (g) - 0Protein (g) - 0,2,False,False,4.7,4085,,,,
14/07/25 13:17:09,6016911d-1a8d-41c0-8b4f-b900e2302bfb,6016911d-1a8d-41c0-8b4f-b900e2302bfb,0ed3c6ae-9a69-4458-aac5-b6c3342c8954,8700,37,5300,1,1,2025-07-07T20:25:45.332Z,False,14000,8700,True,SELLABLESKU,False,Cold Drinks & Juices,Fruit Juices & Drinks,LITER,870,LITER,8300,c41e2ad3-2dcc-42b6-829b-7e3a8e78d754,bc5b9f2e-757d-44ec-8f0d-a85862f9dd80,B Natural Apple Fruit Juice,B Natural,India,ITC Limited,"ITC Limited, 37, J.L. Nehru Road, Kolkata- 700071.","Water, Apple Juice, Concentrate 17.6%",30cb5331-30f9-42f7-8b1d-ce61e01c4369,14000,1.0,1 L,LITER,1000,6,9 months,per 100 ml of product.Energy (kcal) - 54 Protein (g) - 0 Carbohydrates (g) - 13.5 Natural Sugar - 1.5 Added Sugar (g) - 12 Fat (g) - 0 Vit C (mg) - 17,1,False,False,4.4,177,TIER_2,5300.0,,
14/07/25 13:17:09,1c531bf3-6987-5fee-9e16-626c22280284,1c531bf3-6987-5fee-9e16-626c22280284,0ed3c6ae-9a69-4458-aac5-b6c3342c8954,12000,20,3000,2,2,2025-07-11T13:54:33.826Z,False,15000,12000,True,SELLABLESKU,False,Cold Drinks & Juices,Milk Drinks,MILLILITRE,4000,MILLILITRE,11000,c5638eba-30c0-4a40-8c63-c9947fd22c16,ce773cc3-4d44-4f63-8eed-c5eb19679db8,Maiva Pro Coffee 20g Plant Protein 20 Multivitamin Shake,Maiva Fresh,India,Armaara Innoventures Pvt. Ltd.,,,04a5dce2-b983-425c-8383-3d71f92f3763,15000,300.0,,MILLILITRE,300,6,180 days,,2,False,False,4.6,288,TIER_2,3000.0,,
14/07/25 13:17:09,02f72153-1ec1-42c5-b1e2-5f7b885190a6,02f72153-1ec1-42c5-b1e2-5f7b885190a6,0ed3c6ae-9a69-4458-aac5-b6c3342c8954,3500,12,500,2,2,2025-07-11T15:58:05.768Z,False,4000,3500,True,SELLABLESKU,False,Cold Drinks & Juices,Milk Drinks,MILLILITRE,1900,MILLILITRE,3400,c5638eba-30c0-4a40-8c63-c9947fd22c16,f46e60af-448c-42c2-ba27-39429ea64394,Hershey's Vanilla Milkshake,Hershey's,USA,The Hershey's Company,"HERSHEY INDIA PVT. LTD., SCHINDLER HOUSE, HIRANANDANI GARDENS, POWAI, MUMBAI- 400076.","Water, Sugar, Milk Solids (8%), Emulsifier (460(i), 466, 471, 407), Mineral (Calcium Carbonate), Sequestrant (339(ii)), Mineral (Zinc Sulphate), Vitamin E (Acetate), Vitamin A (Acetate), Vitamin D2 (Ergocalciferol), Vitamin B1 (Thiamine Chloride Hydrochloride) and Vitamin B2 (Riboflavin) and Edible Common Salt.",15b5921f-f2b6-49b2-9d5e-ae1a8d22583a,4000,180.0,180 ml,MILLILITRE,180,8,9 months,"Energy 155.6 Kcal,Protein - 3.6g,Carbohydrates -28.54g,Sugar 21,24g,Fat 3g,Calcium - 324mg",2,False,False,4.5,558,TIER_2,500.0,,
14/07/25 13:17:09,6ad4732b-003c-4c46-a902-2db5656f21b4,6ad4732b-003c-4c46-a902-2db5656f21b4,0ed3c6ae-9a69-4458-aac5-b6c3342c8954,9400,5,500,12,12,2025-07-13T06:29:14.771Z,False,9900,9400,True,SELLABLESKU,False,Cold Drinks & Juices,Soft Drinks,LITER,470,LITER,7300,dff3658b-c351-4e7f-8196-e98d0c66d99e,e358d59a-f7dd-4d43-83a8-a48b8ebbafa0,Pepsi Soft Drink,Pepsi,India,Varun Beverages Limited,"Varun Beverages Limited, Plot No. 31, Institutional Area, Sector - 44, Gurgaon - 122002, Haryana, India.",,82675cec-f35e-4f33-86c9-39d6b0b94f39,9900,2.25,2.25 L,LITER,2250,24,120 days,,12,False,False,4.7,10488,TIER_2,500.0,,
14/07/25 13:17:09,05cadf20-eeb6-458d-a7e4-ebc7e35bcc88,05cadf20-eeb6-458d-a7e4-ebc7e35bcc88,0ed3c6ae-9a69-4458-aac5-b6c3342c8954,2000,0,0,24,24,2025-07-13T22:39:51.233Z,False,2000,2000,True,SELLABLESKU,False,Cold Drinks & Juices,Water,LITER,200,LITER,2000,b783925b-6b57-4750-99f6-01ea5145ec5e,6399053f-7bde-4fd2-b1f1-76df91853fdd,Bisleri Packaged Drinking Water,Bisleri,India,BISLERI INTERNATIONAL PVT LTD,"BISLERI INTERNATIONAL PVT LTD, 29/33, UDAYAGIRI VILLAGE, DEVANAHALLI, BANGALORE-562110.",,569a128f-b7e7-419f-9dfd-01909d78c0ea,2000,1.0,1 L,LITER,1000,24,6 months,Typical value per 100 ml of product.Potassium (mg) - 0.1Magnesium (mg) - 0.2,24,False,False,4.8,7137,,,,
14/07/25 13:17:09,7fb0d1cc-4cf5-43cb-92d6-05fbc96d8a6b,7fb0d1cc-4cf5-43cb-92d6-05fbc96d8a6b,0ed3c6ae-9a69-4458-aac5-b6c3342c8954,7700,9,800,12,12,2025-07-13T09:27:57.386Z,False,8500,7700,True,SELLABLESKU,False,Cold Drinks & Juices,Vegan Drinks,MILLILITRE,3800,MILLILITRE,7300,dcfd1067-a597-4ef0-81d6-9a3d1b9a2891,438421fd-75e4-4f17-8bfa-644cead28750,Dabur Hommade Organic Coconut Milk,Dabur Hommade,India,Dabur India Limited,"Dabur India Limited, Plot No-22, Site 4, Sahibabad, Sahibabad Industrial Area, Sahibabad Industrial Area, Ghaziabad, Uttar Pradesh.",,9687009f-7d47-4cd0-8b2e-6512e9730427,8500,200.0,200 ml,MILLILITRE,200,12,9 months,,12,False,False,4.7,625,TIER_2,800.0,,
14/07/25 13:17:09,8f728ced-5283-4d01-a349-663187cfa165,8f728ced-5283-4d01-a349-663187cfa165,0ed3c6ae-9a69-4458-aac5-b6c3342c8954,3500,12,500,2,2,2025-07-09T09:49:50.616Z,False,4000,3500,True,SELLABLESKU,False,Cold Drinks & Juices,Milk Drinks,MILLILITRE,1900,MILLILITRE,3300,c5638eba-30c0-4a40-8c63-c9947fd22c16,6a77a4b6-b891-48f1-9c3c-06d9fcff50a1,Hershey's Milkshake Cashew Butterscotch Ice Cream Flavor,Hershey's,India,?Makson Pharmaceutical (I) Pvt. Ltd.,,,9bf072a0-b990-467c-9c2b-90a2c74d40a7,4000,180.0,180 ml,MILLILITRE,180,6,9 months,,2,False,False,4.5,618,TIER_2,500.0,,
14/07/25 13:17:09,fa172295-b259-4fdc-9852-0938e7f2008c,fa172295-b259-4fdc-9852-0938e7f2008c,0ed3c6ae-9a69-4458-aac5-b6c3342c8954,3600,10,400,2,2,2025-07-07T23:57:42.652Z,False,4000,3600,True,SELLABLESKU,False,Cold Drinks & Juices,Milk Drinks,MILLILITRE,2000,MILLILITRE,3400,c5638eba-30c0-4a40-8c63-c9947fd22c16,88f320d1-761a-4b0e-be92-61e9733b41d5,Hershey's Coffee Mocha Flavoured Milkshake,Hershey's,India,?Makson Pharmaceutical (I) Pvt. Ltd.,,,b4d48bc1-1760-44de-afa9-402cad1ceb25,4000,180.0,180 ml ,MILLILITRE,180,6,9 months,,2,False,False,4.4,272,TIER_2,400.0,,
14/07/25 14:00:30,8bc60eae-d9f3-4748-b334-9f62eb47a1a5,8bc60eae-d9f3-4748-b334-9f62eb47a1a5,0ed3c6ae-9a69-4458-aac5-b6c3342c8954,13500,10,1500,4,4,2025-07-11T12:10:02.176Z,False,15000,13500,True,SELLABLESKU,False,Cold Drinks & Juices,Milk Drinks,MILLILITRE,5400,MILLILITRE,12700,c5638eba-30c0-4a40-8c63-c9947fd22c16,84c37cb7-bec0-4c8b-898f-bfb2ed2c3d4f,Epigamia Turbo Coffee Protein Milkshake,Epigamia,India,,,,403f785a-8d9a-48de-8dcc-0a2c987409c2,15000,250.0,,MILLILITRE,250,6,180 days,,4,False,False,4.2,138,TIER_2,1500.0,,
14/07/25 14:00:30,6963cc27-1734-4a3f-a3e0-bab59474ed14,6963cc27-1734-4a3f-a3e0-bab59474ed14,0ed3c6ae-9a69-4458-aac5-b6c3342c8954,27000,9,2900,2,2,2025-07-12T09:47:02.937Z,False,29900,27000,True,SELLABLESKU,False,Cold Drinks & Juices,Vegan Drinks,LITER,2700,LITER,24500,dcfd1067-a597-4ef0-81d6-9a3d1b9a2891,4ec970e8-e93d-4338-b73f-ec865dbf39cc,Alt Co. Almond Milk,Alt Co.,India,Alt Co,,,2f72762b-5215-495c-a9b9-9726b553e7b0,29900,1.0,1 L,LITER,1,6,12 months,,2,True,False,4.2,270,TIER_2,2900.0,,
14/07/25 14:00:30,5abd874d-8749-533b-befb-c545833fcdb4,5abd874d-8749-533b-befb-c545833fcdb4,0ed3c6ae-9a69-4458-aac5-b6c3342c8954,54200,8,5200,4,4,2025-07-12T23:26:40.354Z,False,59400,54200,True,SELLABLESKU,False,Cold Drinks & Juices,Non-Alcoholic & Energy Drink,LITER,5420,LITER,54200,c6bba2b2-6b2d-4bd4-ae3d-adb6f9383393,cb30052e-fafd-4c4c-a608-2daebcd15aef,Coolberg Non Alcoholic Beer | Party Pack,Coolberg,India,Coolberg Beverages Pvt. Ltd,,,e2eb868d-5870-4ea4-a1b4-fc8315ccd7fa,59400,1.98,6 x 330 ml,LITER,1980,6,12 months,,4,True,False,5.0,51,TIER_2,5200.0,,
14/07/25 14:00:30,f9aaa092-ead8-5908-a6c7-ba898dbe6bfc,f9aaa092-ead8-5908-a6c7-ba898dbe6bfc,554896ba-1bc3-493a-84c2-8a0ce07c2611,60000,0,0,1,1,2025-06-09T22:33:56.414Z,False,60000,60000,True,SELLABLESKU,False,Cold Drinks & Juices,Instant Drink Mixes,PIECE,60000,PIECE,55100,4d088b94-ba43-4bf0-a881-a573862aa0a1,55063063-a172-4d4f-bff6-407fbb8acc1c,Good Monk Orange Instant Drink Mix,Good Monk,India,,,,e325840f-78b7-4364-9ef3-4b3efc64958d,60000,1.0,396 g,PIECE,396,6,12 months,,1,True,False,4.5,655,,,,
14/07/25 14:00:30,9fece867-af1c-4068-a4a5-b07785f8d917,9fece867-af1c-4068-a4a5-b07785f8d917,0ed3c6ae-9a69-4458-aac5-b6c3342c8954,4000,0,0,1,1,2025-07-12T11:52:22.103Z,False,4000,4000,True,SELLABLESKU,False,Cold Drinks & Juices,Soft Drinks,MILLILITRE,1300,MILLILITRE,3800,dff3658b-c351-4e7f-8196-e98d0c66d99e,942d73e3-7db9-4ecc-9896-4fe98624488d,Pepsi Black Cola Diet Soft Drink,Pepsi Black,India,Pepsico India Holdings Pvt. Ltd,,,c6ddb7ce-ffe7-495d-bcbd-5e8697db0e78,4000,300.0,300 ml,MILLILITRE,300,6,9 months,,1,True,False,4.6,1767,,,,
14/07/25 14:00:30,6f8c4ff4-9b9f-5612-8027-2986d564b7fd,6f8c4ff4-9b9f-5612-8027-2986d564b7fd,0ed3c6ae-9a69-4458-aac5-b6c3342c8954,21700,9,2300,3,3,2025-07-11T14:04:50.377Z,False,24000,21700,True,SELLABLESKU,False,Cold Drinks & Juices,Soda & Mixers,PIECE,1808,PIECE,20400,0df54b3f-11f6-4ada-b38a-9be38ea25eba,34fe5b5f-25d2-45a1-a284-af57a0b47a91,Bombay Banta Imli Chaska Soda,Bombay Banta,India,Bombay Banta,,,7f7b7d9c-4f8e-484e-a86c-cfe1deb7bb20,24000,12.0,1 pack (12 pcs),PIECE,3500,6,180 days,,3,True,False,4.2,143,TIER_2,2300.0,,
14/07/25 14:00:30,d72ede7f-fd2b-49da-a6dd-5e3953f9a3b3,d72ede7f-fd2b-49da-a6dd-5e3953f9a3b3,0ed3c6ae-9a69-4458-aac5-b6c3342c8954,13500,10,1500,3,3,2025-07-12T07:45:55.329Z,False,15000,13500,True,SELLABLESKU,False,Cold Drinks & Juices,Milk Drinks,MILLILITRE,5400,MILLILITRE,13300,c5638eba-30c0-4a40-8c63-c9947fd22c16,5bff2f95-169e-4503-a1bc-5e344c4fd228,Epigamia Turbo Cookies and Cream Protein Milkshake,Epigamia,India,,,,b1ca615f-5384-4135-981d-343c46308dcd,15000,250.0,,MILLILITRE,250,6,180 days,,3,False,False,4.5,207,TIER_2,1500.0,,
14/07/25 14:00:30,92b0a880-1836-40a6-833c-737a87c2398c,92b0a880-1836-40a6-833c-737a87c2398c,0ed3c6ae-9a69-4458-aac5-b6c3342c8954,25200,4,1300,2,2,2025-07-03T09:21:52.351Z,False,26500,25200,True,SELLABLESKU,False,Cold Drinks & Juices,Instant Drink Mixes,GRAM,4000,GRAM,24600,4d088b94-ba43-4bf0-a881-a573862aa0a1,e7e9ebca-b521-4c0e-94f5-2fc53815f8a3,Hershey's Caramel Syrup,Hershey's,USA,The Hershey's Company,"Max Inc GI 13, GT Industrial Area, North (Delhi), 110033.","Cane Sugar, Water, Natural and Artificial Flavor, Sodium Benzoate and Potassium Sorbate (preservatives), Citric Acid,�Caramel�Color",47458cc6-6031-47ba-b205-6a9043451aad,26500,623.0,623 g,GRAM,623,12,13 months,,2,True,False,4.8,89,TIER_2,1300.0,,
14/07/25 14:00:30,2629e188-2674-5870-bda3-a5b12868e81d,2629e188-2674-5870-bda3-a5b12868e81d,554896ba-1bc3-493a-84c2-8a0ce07c2611,60000,0,0,1,1,2025-05-27T05:33:37.163Z,False,60000,60000,True,SELLABLESKU,False,Cold Drinks & Juices,Instant Drink Mixes,PIECE,60000,PIECE,55100,4d088b94-ba43-4bf0-a881-a573862aa0a1,ac6cce08-bdc3-4a8e-abd9-15116e443516,Good Monk Mixed Berries Instant Powder Mix,Good Monk,India,,,,8ca33985-102e-4aac-b032-4733509a0d10,60000,1.0,396 g,PIECE,396,6,12 months,,1,True,False,4.2,545,,,,
14/07/25 14:00:30,dbe6aecc-11cf-44e3-932f-ded55311236f,dbe6aecc-11cf-44e3-932f-ded55311236f,0ed3c6ae-9a69-4458-aac5-b6c3342c8954,14200,4,700,2,2,2025-07-07T07:42:28.728Z,False,14900,14200,True,SELLABLESKU,False,Cold Drinks & Juices,Instant Drink Mixes,GRAM,39400,GRAM,14200,4d088b94-ba43-4bf0-a881-a573862aa0a1,2b0b8ca5-efd3-4bb2-a5c9-1600dfe275ef,Fast&Up Nightout Instant Hangover Relief Drink,Fast&up,India,,,,0676c7f0-42a1-4057-b928-5b314d5cf05d,14900,36.0,1 pack (4 pcs),GRAM,20,6,24 months,,2,True,False,4.1,69,TIER_2,700.0,,
14/07/25 14:00:30,74418328-1ac2-480e-b9b2-462ac4ca9954,74418328-1ac2-480e-b9b2-462ac4ca9954,0ed3c6ae-9a69-4458-aac5-b6c3342c8954,13500,10,1500,5,5,2025-07-11T10:16:18.044Z,False,15000,13500,True,SELLABLESKU,False,Cold Drinks & Juices,Milk Drinks,MILLILITRE,5400,MILLILITRE,13100,c5638eba-30c0-4a40-8c63-c9947fd22c16,94967248-d3e6-4284-8356-e0f05cf35477,Epigamia Turbo Vanilla and Caramel Protein Milkshake,Epigamia,India,?Drums Food International Private Limited,,,e3d82530-d213-4a84-b68d-a81f8764afa2,15000,250.0,250 ml,MILLILITRE,250,6,180 days,,5,False,False,4.4,238,TIER_2,1500.0,,
14/07/25 14:00:30,9f8c76f8-fa44-51b5-a79e-810b65848128,9f8c76f8-fa44-51b5-a79e-810b65848128,0ed3c6ae-9a69-4458-aac5-b6c3342c8954,21700,9,2300,2,2,2025-07-11T13:57:38.596Z,False,24000,21700,True,SELLABLESKU,False,Cold Drinks & Juices,Soda & Mixers,PIECE,1808,PIECE,20400,0df54b3f-11f6-4ada-b38a-9be38ea25eba,94b47ee2-1aa9-454d-95e0-6e0d7efbb6c9,Bombay Banta Kala Khatta Black Currant Soda,Bombay Banta,India,Bombay Banta,,,e71986ee-9129-455c-a887-4e1b057d3480,24000,12.0,1 pack (12 pcs),PIECE,3500,6,180 days,,2,True,False,4.7,773,TIER_2,2300.0,,
14/07/25 14:00:30,d3a60768-84d6-4bff-8855-19171c4a4645,d3a60768-84d6-4bff-8855-19171c4a4645,0ed3c6ae-9a69-4458-aac5-b6c3342c8954,37600,5,2300,1,1,2025-07-12T13:06:08.710Z,False,39900,37600,True,SELLABLESKU,False,Cold Drinks & Juices,Fruit Juices & Drinks,LITER,3760,LITER,31900,c41e2ad3-2dcc-42b6-829b-7e3a8e78d754,dc3358f1-085d-4fa3-bce6-5f603d0dae0a,Raw Pressery Valencia Orange Fruit Juice,Raw Pressery,India,Rakyan Beverages Pvt. Ltd,"Rakyan Beverages Pvt. Ltd, B-12, JWC Logistic Park Pvt. Ltd., National Highway No.17 Palaspe, Panvel, Maharashtra.","ORANGE JUICE(91.8%), ORANGE PULP, CITRUS FIBER, ANTIOXIDANT / VITAMIN C ( INS 300)",64b0ed2d-8512-4b39-b2c1-5c6c50849db6,39900,1.0,1 L,LITER,1000,12,9 months,,1,True,False,4.6,176,TIER_2,2300.0,,
14/07/25 14:00:30,912d3118-54e0-4fa1-aca8-773503c953bd,912d3118-54e0-4fa1-aca8-773503c953bd,0ed3c6ae-9a69-4458-aac5-b6c3342c8954,28900,11,3600,2,2,2025-07-14T03:57:50.555Z,False,32500,28900,True,SELLABLESKU,False,Cold Drinks & Juices,Vegan Drinks,LITER,2890,LITER,26200,dcfd1067-a597-4ef0-81d6-9a3d1b9a2891,231e4f88-15d8-4eb1-9e34-764e4aad6077,Raw Pressery Almond Milk,Raw Pressery,India,Rakyan Beverages Pvt. Ltd,"Rakyan Beverages Pvt. Ltd, B-12, JWC Logistic Park Pvt. Ltd., National Highway No.17 Palaspe, Panvel, Maharashtra.",,1b1b90cc-ad0a-4f14-81a4-14f22b8b64ac,32500,1.0,1 L,LITER,1000,8,12 months,,2,True,False,4.5,113,TIER_2,3600.0,,
14/07/25 14:00:30,4b668e76-6797-5321-8a14-2a129750e84c,4b668e76-6797-5321-8a14-2a129750e84c,554896ba-1bc3-493a-84c2-8a0ce07c2611,60000,0,0,2,2,2025-07-11T14:00:03.585Z,False,60000,60000,True,SELLABLESKU,False,Cold Drinks & Juices,Instant Drink Mixes,PIECE,60000,PIECE,55100,4d088b94-ba43-4bf0-a881-a573862aa0a1,de9335ec-12d2-412f-acff-9b04b54ca532,Good Monk Pineapple Instant Drink Mix,Good Monk,India,Vital Neutraceuticals Pvt ltd,,,dfc4eae1-4466-47da-837c-ba475bdaae27,60000,1.0,396 g,PIECE,396,6,12 months,,2,True,False,4.2,541,,,,
14/07/25 14:00:30,c6a712c0-7384-4fc1-a46b-3c1a8ca4cca6,c6a712c0-7384-4fc1-a46b-3c1a8ca4cca6,0ed3c6ae-9a69-4458-aac5-b6c3342c8954,16200,10,1800,2,2,2025-07-13T02:25:20.334Z,False,18000,16200,True,SELLABLESKU,False,Cold Drinks & Juices,Soft Drinks,LITER,810,LITER,15300,dff3658b-c351-4e7f-8196-e98d0c66d99e,9137d726-af4c-4749-978a-95299ff21525,Bombay Banta Assorted Flavoured Soft Drink,Bombay Banta,India,,,,4f645769-2a09-4a6a-8bef-5dc6fd4625cd,18000,2.0,8 x 250 ml,LITER,2000,6,180 days,,2,True,False,4.8,71,TIER_2,1800.0,,
14/07/25 14:00:30,82ef7e7f-101e-4072-8fd8-24bc51fd6012,82ef7e7f-101e-4072-8fd8-24bc51fd6012,0ed3c6ae-9a69-4458-aac5-b6c3342c8954,11000,4,500,1,1,2025-07-12T15:57:23.836Z,False,11500,11000,True,SELLABLESKU,False,Cold Drinks & Juices,Instant Drink Mixes,GRAM,5500,GRAM,10700,4d088b94-ba43-4bf0-a881-a573862aa0a1,70255ead-049e-4f7b-bd7a-7c7d9b5d6d05,Hershey's Strawberry Syrup,Hershey's,USA,The Hershey's Company,"Hershey India Pvt Ltd, Plot, No 5, New Industrial Area No. 1, Mandideep Dist, Raisen - 462046, Madhya Pradesh.",,decb8a7d-bc15-4aa5-b610-f667e86c97f8,11500,200.0,200 g,GRAM,200,12,13 months,,1,False,False,4.4,174,TIER_2,500.0,,
14/07/25 14:00:30,0b5b2d13-f411-452c-8df2-2a9adf7a8cbb,0b5b2d13-f411-452c-8df2-2a9adf7a8cbb,0ed3c6ae-9a69-4458-aac5-b6c3342c8954,27500,6,2000,2,2,2025-06-21T06:10:32.992Z,False,29500,27500,True,SELLABLESKU,False,Cold Drinks & Juices,Non-Alcoholic & Energy Drink,PIECE,1375,PIECE,27400,c6bba2b2-6b2d-4bd4-ae3d-adb6f9383393,9d102185-1fa3-4109-84a0-e2b4067c6fd8,Fast&Up Reload Energy Drink Low Sugar Electrolyte - Berry Flavour,Fast&up,India,Fast&Up,"Fast&Up, Wing-A, Lion Sole Marg, Highland Park, Andheri West, Mumbai, Maharashtra 400102.",,4b659ece-3219-4eb8-9bf9-917c73c64361,29500,20.0,1 pack (20 pcs),PIECE,20,12,24 months,,2,True,False,5.0,65,TIER_2,2000.0,,
14/07/25 14:00:30,da9c30f1-40ba-4101-a995-311507f1ebcf,da9c30f1-40ba-4101-a995-311507f1ebcf,0ed3c6ae-9a69-4458-aac5-b6c3342c8954,33100,44,26900,1,1,2025-06-30T19:07:35.688Z,False,60000,33100,True,SELLABLESKU,False,Cold Drinks & Juices,Water,PIECE,5516,PIECE,33100,b783925b-6b57-4750-99f6-01ea5145ec5e,a3ec15c5-a259-487c-9644-5b210a5a8771,Aava Sparkling Water,AAVA,India,,,,0d29a119-9f54-4071-a8b7-116cfac4dfc4,60000,6.0,6 x 500 ml,PIECE,3000,6,180 days,,1,True,False,3.9,52,TIER_2,26900.0,,
14/07/25 14:00:30,776c0eb1-d8bc-4e31-9458-fe55da297135,776c0eb1-d8bc-4e31-9458-fe55da297135,0ed3c6ae-9a69-4458-aac5-b6c3342c8954,1900,5,100,6,6,2025-07-13T09:13:40.988Z,False,2000,1900,True,SELLABLESKU,False,Cold Drinks & Juices,Soft Drinks,MILLILITRE,700,MILLILITRE,1900,dff3658b-c351-4e7f-8196-e98d0c66d99e,b54a91f2-3ccb-43cf-941e-28001b9b280b,Bombay Banta Imli Jeera Soft Drink,Bombay Banta,India,,,,be528717-fa5a-4c31-a02e-a282e1e8952e,2000,250.0,,MILLILITRE,250,6,6 months,,6,False,False,4.4,768,TIER_2,100.0,,
14/07/25 14:00:30,00c220fd-4adb-527f-bb91-4f9327ca5df1,00c220fd-4adb-527f-bb91-4f9327ca5df1,0ed3c6ae-9a69-4458-aac5-b6c3342c8954,10000,0,0,6,6,2025-07-13T09:19:12.540Z,False,10000,10000,True,SELLABLESKU,False,Cold Drinks & Juices,Fruit Juices & Drinks,LITER,1000,LITER,9600,c41e2ad3-2dcc-42b6-829b-7e3a8e78d754,e880c134-66ab-4b9e-85a4-cfa880755af3,Frooti Mango Drink,Frooti,India,,,,e4578a06-0624-4988-9e64-680698c58557,10000,1.25,10 x 125 ml,LITER,1250,6,180 days,,6,False,False,4.8,1226,,,,
14/07/25 14:00:30,b382babb-cac1-468b-8233-dd3e9c6686fc,b382babb-cac1-468b-8233-dd3e9c6686fc,0ed3c6ae-9a69-4458-aac5-b6c3342c8954,5300,33,2700,1,1,2025-07-11T14:22:48.765Z,False,8000,5300,True,SELLABLESKU,False,Cold Drinks & Juices,Milk Drinks,MILLILITRE,2900,MILLILITRE,5300,c5638eba-30c0-4a40-8c63-c9947fd22c16,e7e3bea7-3acb-4980-abb5-50f0406a7780,Epigamia Greek Yogurt Blueberry Smoothie,Epigamia,India,Drums Food International Pvt Ltd,"Drums Food International Pvt Ltd, The Centrium, Office No 2 ( Unit 302) , Phoenix Marketcity , LBS Marg, Kurla West, Mumbai 400070.","Greek Yogurt (Pasteurized Double Toned Milk, Milk Solids, Stabilizing Agent (Pectin Ins 440), Permitted Starter Cultures), Processed Blueberry Pulp (Sugar, Blueberry Puree, Water, Stabilizing Agent (Pectin Ins 440), Lemon Juice Concentrate) Total Fruit Content: 3%",52cd9ab1-a85b-41fe-b213-341e3dfd82d6,8000,180.0,180 ml,MILLILITRE,200,12,30 days,,1,False,False,4.7,205,TIER_2,2700.0,,
14/07/25 14:00:30,67d71fc1-de0e-4986-b477-d47a7bffed7f,67d71fc1-de0e-4986-b477-d47a7bffed7f,0ed3c6ae-9a69-4458-aac5-b6c3342c8954,27900,5,1600,3,3,2025-07-12T06:31:42.147Z,False,29500,27900,True,SELLABLESKU,False,Cold Drinks & Juices,Vegan Drinks,LITER,2790,LITER,27800,dcfd1067-a597-4ef0-81d6-9a3d1b9a2891,48dd7ede-e731-4b0a-ae7e-ea6393f13751,Only Earth Organic Coconut Drink,Only Earth,India,Naturise Consumer Products Pvt Ltd,"Naturise Consumer Products Pvt Ltd, 109, Vellala stree, Purasawalkam, Chennai 600084.",,7e1d7282-d490-4373-a4c7-1c7e44976830,29500,1.0,1 L,LITER,1000,12,12 months,,3,True,False,4.6,66,TIER_2,1600.0,,
14/07/25 14:00:30,31db9e03-a710-4fe7-a5c6-1a2df0714a24,31db9e03-a710-4fe7-a5c6-1a2df0714a24,0ed3c6ae-9a69-4458-aac5-b6c3342c8954,28300,8,2700,1,1,2025-07-14T08:24:13.814Z,False,31000,28300,True,SELLABLESKU,False,Cold Drinks & Juices,Non-Alcoholic & Energy Drink,PIECE,28300,PIECE,28200,c6bba2b2-6b2d-4bd4-ae3d-adb6f9383393,cef29fdf-0563-4666-b017-4cdc8b91d851,Fast&Up Reload Zero Sugar Energy Drink for Hydration - Ice Current Flavour,Fast&up,India,AERONUTRIX SPORTS PRODUCTS PVT LTD,,,a882b6ec-f992-435e-946e-aaad037ca556,31000,1.0,1 pack (22 pcs),PIECE,150,6,24 months,,1,True,False,4.6,981,TIER_2,2700.0,,
14/07/25 14:00:30,8126b483-30e5-5e25-91d6-48f86c9a692a,8126b483-30e5-5e25-91d6-48f86c9a692a,0ed3c6ae-9a69-4458-aac5-b6c3342c8954,60000,0,0,1,1,2025-07-11T13:54:37.210Z,False,60000,60000,True,SELLABLESKU,False,Cold Drinks & Juices,Water,PIECE,60000,PIECE,60000,b783925b-6b57-4750-99f6-01ea5145ec5e,81efb389-67b7-441c-9610-94cea61bb405,Evocus Natural Black Alkaline Water,Evocus,India,Evocus,,,df6aa881-f64c-4e06-a2c9-63e792d2c679,60000,1.0,1 pack (6 pcs),PIECE,3000,6,12 months,,1,True,False,4.2,68,,,,
14/07/25 14:00:30,9f018423-4088-466b-ab3d-b7a1d6f1f342,9f018423-4088-466b-ab3d-b7a1d6f1f342,0ed3c6ae-9a69-4458-aac5-b6c3342c8954,13500,0,0,2,2,2025-07-11T16:14:51.989Z,False,13500,13500,True,SELLABLESKU,False,Cold Drinks & Juices,Instant Drink Mixes,GRAM,12200,GRAM,13000,4d088b94-ba43-4bf0-a881-a573862aa0a1,a0b8811a-46da-4f3d-a436-469ff77115f0,hershey's Chocolate Instant Powder Mix,hershey's,India,Hershey's India,,,9e382434-e4ab-4571-8a8f-30f95b9ac3ee,13500,110.0,,GRAM,110,6,12 months,,2,False,False,4.7,266,,,,
14/07/25 14:00:30,eb7cd8e8-4983-4bda-8708-4912c8606caa,eb7cd8e8-4983-4bda-8708-4912c8606caa,0ed3c6ae-9a69-4458-aac5-b6c3342c8954,27500,6,2000,3,3,2025-07-07T22:29:56.289Z,False,29500,27500,True,SELLABLESKU,False,Cold Drinks & Juices,Non-Alcoholic & Energy Drink,PIECE,1375,PIECE,26000,c6bba2b2-6b2d-4bd4-ae3d-adb6f9383393,58329075-f4bb-4131-833f-6fd4653c8a12,Fast&Up Reload Energy Drink Low Sugar Electrolyte - Lime Lemon Flavour,Fast&up,India,Fast&Up,"Fast&Up, Wing-A, Lion Sole Marg, Highland Park, Andheri West, Mumbai, Maharashtra 400102.",,ea62fbf8-dc72-4655-97a8-1f891789341d,29500,20.0,1 pack (20 pcs),PIECE,20,12,24 months,,3,True,False,4.9,87,TIER_2,2000.0,,
14/07/25 14:00:30,9426d764-f832-4944-9ab8-48f0cd58e538,9426d764-f832-4944-9ab8-48f0cd58e538,0ed3c6ae-9a69-4458-aac5-b6c3342c8954,1900,5,100,6,6,2025-07-14T05:54:02.041Z,False,2000,1900,True,SELLABLESKU,False,Cold Drinks & Juices,Soft Drinks,MILLILITRE,700,MILLILITRE,1900,dff3658b-c351-4e7f-8196-e98d0c66d99e,adea52e2-48a2-4ebb-a358-868aaa04666d,Bombay Banta Lemon Soda Soft Drink,Bombay Banta,India,,,,3a989903-630f-49ac-b170-7b2c7bc1a2ab,2000,250.0,,MILLILITRE,250,6,6 months,,6,False,False,4.6,876,TIER_2,100.0,,
14/07/25 14:00:30,84e7d14d-3516-4965-ba43-3bccefb57aea,84e7d14d-3516-4965-ba43-3bccefb57aea,0ed3c6ae-9a69-4458-aac5-b6c3342c8954,7000,12,1000,1,1,2025-07-11T14:04:32.721Z,False,8000,7000,True,SELLABLESKU,False,Cold Drinks & Juices,Soda & Mixers,MILLILITRE,2800,MILLILITRE,7000,0df54b3f-11f6-4ada-b38a-9be38ea25eba,6196eb9e-3764-4e04-90e8-1be1b9d3c38c,3 Sisters Jeera Masala Soda,3 Sisters,India,Adhar Beverages Private Limited,,,e9977cfb-3bc9-4b2c-b10f-d1c4dd490f8c,8000,250.0,,MILLILITRE,270,6,18 months,,1,False,False,4.4,823,TIER_2,1000.0,,
14/07/25 14:00:30,62394c03-65d3-42a6-a565-f071079f120c,62394c03-65d3-42a6-a565-f071079f120c,0ed3c6ae-9a69-4458-aac5-b6c3342c8954,27600,8,2400,2,2,2025-07-13T10:26:35.325Z,False,30000,27600,True,SELLABLESKU,False,Cold Drinks & Juices,Vegan Drinks,LITER,2760,LITER,25800,dcfd1067-a597-4ef0-81d6-9a3d1b9a2891,a4d67bda-f8f2-4aa3-af00-3f18582c98ce,So Good Plant Based Almond Milk,So Good,India,Life Health Foods India Pvt Ltd,"Life Health Foods India Pvt Ltd No.510, Atlanta Estate, Dr.Ambedkar Chowk, Off. W.E. Highway,Goregaon(E), Mumbai.",Almond Milk,046dd783-2e2f-456c-b320-d5e0c8bf93dc,30000,1.0,1 L,LITER,1000,6,12 months,,2,True,False,4.7,101,TIER_2,2400.0,,
14/07/25 14:00:30,97009cfc-d553-5fd7-acad-7cd478aad164,97009cfc-d553-5fd7-acad-7cd478aad164,0ed3c6ae-9a69-4458-aac5-b6c3342c8954,1500,0,0,6,6,2025-07-14T05:29:55.065Z,False,1500,1500,True,SELLABLESKU,False,Cold Drinks & Juices,Milk Drinks,MILLILITRE,800,MILLILITRE,1300,c5638eba-30c0-4a40-8c63-c9947fd22c16,f7700c38-1875-45ab-8093-cf881029b677,Smoodh Chaas Masala Flavoured Buttermilk Pet,Smoodh,India,,,,3e857b3a-5a46-417f-b8bb-771339952771,1500,180.0,,MILLILITRE,180,6,180 days,,6,False,False,4.2,755,,,,
14/07/25 14:00:30,c6ea23f2-d175-4f33-9ecf-9c7e163981b5,c6ea23f2-d175-4f33-9ecf-9c7e163981b5,0ed3c6ae-9a69-4458-aac5-b6c3342c8954,1900,5,100,6,6,2025-07-13T19:11:15.972Z,False,2000,1900,True,SELLABLESKU,False,Cold Drinks & Juices,Soft Drinks,MILLILITRE,700,MILLILITRE,1900,dff3658b-c351-4e7f-8196-e98d0c66d99e,f9538f84-908d-4416-a688-506915f46275,Bombay Banta Kala Khatta Soft Drink,Bombay Banta,India,,,,d70671c3-dfcc-4cf5-a1e0-157f822cd4a5,2000,250.0,,MILLILITRE,250,6,6 months,,6,False,False,4.4,1480,TIER_2,100.0,,
14/07/25 14:00:54,8bc60eae-d9f3-4748-b334-9f62eb47a1a5,8bc60eae-d9f3-4748-b334-9f62eb47a1a5,0ed3c6ae-9a69-4458-aac5-b6c3342c8954,13500,10,1500,4,4,2025-07-11T12:10:02.176Z,False,15000,13500,True,SELLABLESKU,False,Cold Drinks & Juices,Milk Drinks,MILLILITRE,5400,MILLILITRE,12700,c5638eba-30c0-4a40-8c63-c9947fd22c16,84c37cb7-bec0-4c8b-898f-bfb2ed2c3d4f,Epigamia Turbo Coffee Protein Milkshake,Epigamia,India,,,,403f785a-8d9a-48de-8dcc-0a2c987409c2,15000,250.0,,MILLILITRE,250,6,180 days,,4,False,False,4.2,138,TIER_2,1500.0,,
14/07/25 14:00:54,6963cc27-1734-4a3f-a3e0-bab59474ed14,6963cc27-1734-4a3f-a3e0-bab59474ed14,0ed3c6ae-9a69-4458-aac5-b6c3342c8954,27000,9,2900,2,2,2025-07-12T09:47:02.937Z,False,29900,27000,True,SELLABLESKU,False,Cold Drinks & Juices,Vegan Drinks,LITER,2700,LITER,24500,dcfd1067-a597-4ef0-81d6-9a3d1b9a2891,4ec970e8-e93d-4338-b73f-ec865dbf39cc,Alt Co. Almond Milk,Alt Co.,India,Alt Co,,,2f72762b-5215-495c-a9b9-9726b553e7b0,29900,1.0,1 L,LITER,1,6,12 months,,2,True,False,4.2,270,TIER_2,2900.0,,
14/07/25 14:00:54,5abd874d-8749-533b-befb-c545833fcdb4,5abd874d-8749-533b-befb-c545833fcdb4,0ed3c6ae-9a69-4458-aac5-b6c3342c8954,54200,8,5200,4,4,2025-07-12T23:26:40.354Z,False,59400,54200,True,SELLABLESKU,False,Cold Drinks & Juices,Non-Alcoholic & Energy Drink,LITER,5420,LITER,54200,c6bba2b2-6b2d-4bd4-ae3d-adb6f9383393,cb30052e-fafd-4c4c-a608-2daebcd15aef,Coolberg Non Alcoholic Beer | Party Pack,Coolberg,India,Coolberg Beverages Pvt. Ltd,,,e2eb868d-5870-4ea4-a1b4-fc8315ccd7fa,59400,1.98,6 x 330 ml,LITER,1980,6,12 months,,4,True,False,5.0,51,TIER_2,5200.0,,
14/07/25 14:00:54,f9aaa092-ead8-5908-a6c7-ba898dbe6bfc,f9aaa092-ead8-5908-a6c7-ba898dbe6bfc,554896ba-1bc3-493a-84c2-8a0ce07c2611,60000,0,0,1,1,2025-06-09T22:33:56.414Z,False,60000,60000,True,SELLABLESKU,False,Cold Drinks & Juices,Instant Drink Mixes,PIECE,60000,PIECE,55100,4d088b94-ba43-4bf0-a881-a573862aa0a1,55063063-a172-4d4f-bff6-407fbb8acc1c,Good Monk Orange Instant Drink Mix,Good Monk,India,,,,e325840f-78b7-4364-9ef3-4b3efc64958d,60000,1.0,396 g,PIECE,396,6,12 months,,1,True,False,4.5,655,,,,
14/07/25 14:00:54,9fece867-af1c-4068-a4a5-b07785f8d917,9fece867-af1c-4068-a4a5-b07785f8d917,0ed3c6ae-9a69-4458-aac5-b6c3342c8954,4000,0,0,1,1,2025-07-12T11:52:22.103Z,False,4000,4000,True,SELLABLESKU,False,Cold Drinks & Juices,Soft Drinks,MILLILITRE,1300,MILLILITRE,3800,dff3658b-c351-4e7f-8196-e98d0c66d99e,942d73e3-7db9-4ecc-9896-4fe98624488d,Pepsi Black Cola Diet Soft Drink,Pepsi Black,India,Pepsico India Holdings Pvt. Ltd,,,c6ddb7ce-ffe7-495d-bcbd-5e8697db0e78,4000,300.0,300 ml,MILLILITRE,300,6,9 months,,1,True,False,4.6,1767,,,,
14/07/25 14:00:54,6f8c4ff4-9b9f-5612-8027-2986d564b7fd,6f8c4ff4-9b9f-5612-8027-2986d564b7fd,0ed3c6ae-9a69-4458-aac5-b6c3342c8954,21700,9,2300,3,3,2025-07-11T14:04:50.377Z,False,24000,21700,True,SELLABLESKU,False,Cold Drinks & Juices,Soda & Mixers,PIECE,1808,PIECE,20400,0df54b3f-11f6-4ada-b38a-9be38ea25eba,34fe5b5f-25d2-45a1-a284-af57a0b47a91,Bombay Banta Imli Chaska Soda,Bombay Banta,India,Bombay Banta,,,7f7b7d9c-4f8e-484e-a86c-cfe1deb7bb20,24000,12.0,1 pack (12 pcs),PIECE,3500,6,180 days,,3,True,False,4.2,143,TIER_2,2300.0,,
14/07/25 14:00:54,d72ede7f-fd2b-49da-a6dd-5e3953f9a3b3,d72ede7f-fd2b-49da-a6dd-5e3953f9a3b3,0ed3c6ae-9a69-4458-aac5-b6c3342c8954,13500,10,1500,3,3,2025-07-12T07:45:55.329Z,False,15000,13500,True,SELLABLESKU,False,Cold Drinks & Juices,Milk Drinks,MILLILITRE,5400,MILLILITRE,13300,c5638eba-30c0-4a40-8c63-c9947fd22c16,5bff2f95-169e-4503-a1bc-5e344c4fd228,Epigamia Turbo Cookies and Cream Protein Milkshake,Epigamia,India,,,,b1ca615f-5384-4135-981d-343c46308dcd,15000,250.0,,MILLILITRE,250,6,180 days,,3,False,False,4.5,207,TIER_2,1500.0,,
14/07/25 14:00:54,92b0a880-1836-40a6-833c-737a87c2398c,92b0a880-1836-40a6-833c-737a87c2398c,0ed3c6ae-9a69-4458-aac5-b6c3342c8954,25200,4,1300,2,2,2025-07-03T09:21:52.351Z,False,26500,25200,True,SELLABLESKU,False,Cold Drinks & Juices,Instant Drink Mixes,GRAM,4000,GRAM,24600,4d088b94-ba43-4bf0-a881-a573862aa0a1,e7e9ebca-b521-4c0e-94f5-2fc53815f8a3,Hershey's Caramel Syrup,Hershey's,USA,The Hershey's Company,"Max Inc GI 13, GT Industrial Area, North (Delhi), 110033.","Cane Sugar, Water, Natural and Artificial Flavor, Sodium Benzoate and Potassium Sorbate (preservatives), Citric Acid,�Caramel�Color",47458cc6-6031-47ba-b205-6a9043451aad,26500,623.0,623 g,GRAM,623,12,13 months,,2,True,False,4.8,89,TIER_2,1300.0,,
14/07/25 14:00:54,2629e188-2674-5870-bda3-a5b12868e81d,2629e188-2674-5870-bda3-a5b12868e81d,554896ba-1bc3-493a-84c2-8a0ce07c2611,60000,0,0,1,1,2025-05-27T05:33:37.163Z,False,60000,60000,True,SELLABLESKU,False,Cold Drinks & Juices,Instant Drink Mixes,PIECE,60000,PIECE,55100,4d088b94-ba43-4bf0-a881-a573862aa0a1,ac6cce08-bdc3-4a8e-abd9-15116e443516,Good Monk Mixed Berries Instant Powder Mix,Good Monk,India,,,,8ca33985-102e-4aac-b032-4733509a0d10,60000,1.0,396 g,PIECE,396,6,12 months,,1,True,False,4.2,545,,,,
14/07/25 14:00:54,dbe6aecc-11cf-44e3-932f-ded55311236f,dbe6aecc-11cf-44e3-932f-ded55311236f,0ed3c6ae-9a69-4458-aac5-b6c3342c8954,14200,4,700,2,2,2025-07-07T07:42:28.728Z,False,14900,14200,True,SELLABLESKU,False,Cold Drinks & Juices,Instant Drink Mixes,GRAM,39400,GRAM,14200,4d088b94-ba43-4bf0-a881-a573862aa0a1,2b0b8ca5-efd3-4bb2-a5c9-1600dfe275ef,Fast&Up Nightout Instant Hangover Relief Drink,Fast&up,India,,,,0676c7f0-42a1-4057-b928-5b314d5cf05d,14900,36.0,1 pack (4 pcs),GRAM,20,6,24 months,,2,True,False,4.1,69,TIER_2,700.0,,
14/07/25 14:00:54,74418328-1ac2-480e-b9b2-462ac4ca9954,74418328-1ac2-480e-b9b2-462ac4ca9954,0ed3c6ae-9a69-4458-aac5-b6c3342c8954,13500,10,1500,5,5,2025-07-11T10:16:18.044Z,False,15000,13500,True,SELLABLESKU,False,Cold Drinks & Juices,Milk Drinks,MILLILITRE,5400,MILLILITRE,13100,c5638eba-30c0-4a40-8c63-c9947fd22c16,94967248-d3e6-4284-8356-e0f05cf35477,Epigamia Turbo Vanilla and Caramel Protein Milkshake,Epigamia,India,?Drums Food International Private Limited,,,e3d82530-d213-4a84-b68d-a81f8764afa2,15000,250.0,250 ml,MILLILITRE,250,6,180 days,,5,False,False,4.4,238,TIER_2,1500.0,,
14/07/25 14:00:54,9f8c76f8-fa44-51b5-a79e-810b65848128,9f8c76f8-fa44-51b5-a79e-810b65848128,0ed3c6ae-9a69-4458-aac5-b6c3342c8954,21700,9,2300,2,2,2025-07-11T13:57:38.596Z,False,24000,21700,True,SELLABLESKU,False,Cold Drinks & Juices,Soda & Mixers,PIECE,1808,PIECE,20400,0df54b3f-11f6-4ada-b38a-9be38ea25eba,94b47ee2-1aa9-454d-95e0-6e0d7efbb6c9,Bombay Banta Kala Khatta Black Currant Soda,Bombay Banta,India,Bombay Banta,,,e71986ee-9129-455c-a887-4e1b057d3480,24000,12.0,1 pack (12 pcs),PIECE,3500,6,180 days,,2,True,False,4.7,773,TIER_2,2300.0,,
14/07/25 14:00:54,d3a60768-84d6-4bff-8855-19171c4a4645,d3a60768-84d6-4bff-8855-19171c4a4645,0ed3c6ae-9a69-4458-aac5-b6c3342c8954,37600,5,2300,1,1,2025-07-12T13:06:08.710Z,False,39900,37600,True,SELLABLESKU,False,Cold Drinks & Juices,Fruit Juices & Drinks,LITER,3760,LITER,31900,c41e2ad3-2dcc-42b6-829b-7e3a8e78d754,dc3358f1-085d-4fa3-bce6-5f603d0dae0a,Raw Pressery Valencia Orange Fruit Juice,Raw Pressery,India,Rakyan Beverages Pvt. Ltd,"Rakyan Beverages Pvt. Ltd, B-12, JWC Logistic Park Pvt. Ltd., National Highway No.17 Palaspe, Panvel, Maharashtra.","ORANGE JUICE(91.8%), ORANGE PULP, CITRUS FIBER, ANTIOXIDANT / VITAMIN C ( INS 300)",64b0ed2d-8512-4b39-b2c1-5c6c50849db6,39900,1.0,1 L,LITER,1000,12,9 months,,1,True,False,4.6,176,TIER_2,2300.0,,
14/07/25 14:00:54,912d3118-54e0-4fa1-aca8-773503c953bd,912d3118-54e0-4fa1-aca8-773503c953bd,0ed3c6ae-9a69-4458-aac5-b6c3342c8954,28900,11,3600,2,2,2025-07-14T03:57:50.555Z,False,32500,28900,True,SELLABLESKU,False,Cold Drinks & Juices,Vegan Drinks,LITER,2890,LITER,26200,dcfd1067-a597-4ef0-81d6-9a3d1b9a2891,231e4f88-15d8-4eb1-9e34-764e4aad6077,Raw Pressery Almond Milk,Raw Pressery,India,Rakyan Beverages Pvt. Ltd,"Rakyan Beverages Pvt. Ltd, B-12, JWC Logistic Park Pvt. Ltd., National Highway No.17 Palaspe, Panvel, Maharashtra.",,1b1b90cc-ad0a-4f14-81a4-14f22b8b64ac,32500,1.0,1 L,LITER,1000,8,12 months,,2,True,False,4.5,113,TIER_2,3600.0,,
14/07/25 14:00:54,4b668e76-6797-5321-8a14-2a129750e84c,4b668e76-6797-5321-8a14-2a129750e84c,554896ba-1bc3-493a-84c2-8a0ce07c2611,60000,0,0,2,2,2025-07-11T14:00:03.585Z,False,60000,60000,True,SELLABLESKU,False,Cold Drinks & Juices,Instant Drink Mixes,PIECE,60000,PIECE,55100,4d088b94-ba43-4bf0-a881-a573862aa0a1,de9335ec-12d2-412f-acff-9b04b54ca532,Good Monk Pineapple Instant Drink Mix,Good Monk,India,Vital Neutraceuticals Pvt ltd,,,dfc4eae1-4466-47da-837c-ba475bdaae27,60000,1.0,396 g,PIECE,396,6,12 months,,2,True,False,4.2,541,,,,
14/07/25 14:00:54,c6a712c0-7384-4fc1-a46b-3c1a8ca4cca6,c6a712c0-7384-4fc1-a46b-3c1a8ca4cca6,0ed3c6ae-9a69-4458-aac5-b6c3342c8954,16200,10,1800,2,2,2025-07-13T02:25:20.334Z,False,18000,16200,True,SELLABLESKU,False,Cold Drinks & Juices,Soft Drinks,LITER,810,LITER,15300,dff3658b-c351-4e7f-8196-e98d0c66d99e,9137d726-af4c-4749-978a-95299ff21525,Bombay Banta Assorted Flavoured Soft Drink,Bombay Banta,India,,,,4f645769-2a09-4a6a-8bef-5dc6fd4625cd,18000,2.0,8 x 250 ml,LITER,2000,6,180 days,,2,True,False,4.8,71,TIER_2,1800.0,,
14/07/25 14:00:54,82ef7e7f-101e-4072-8fd8-24bc51fd6012,82ef7e7f-101e-4072-8fd8-24bc51fd6012,0ed3c6ae-9a69-4458-aac5-b6c3342c8954,11000,4,500,1,1,2025-07-12T15:57:23.836Z,False,11500,11000,True,SELLABLESKU,False,Cold Drinks & Juices,Instant Drink Mixes,GRAM,5500,GRAM,10700,4d088b94-ba43-4bf0-a881-a573862aa0a1,70255ead-049e-4f7b-bd7a-7c7d9b5d6d05,Hershey's Strawberry Syrup,Hershey's,USA,The Hershey's Company,"Hershey India Pvt Ltd, Plot, No 5, New Industrial Area No. 1, Mandideep Dist, Raisen - 462046, Madhya Pradesh.",,decb8a7d-bc15-4aa5-b610-f667e86c97f8,11500,200.0,200 g,GRAM,200,12,13 months,,1,False,False,4.4,174,TIER_2,500.0,,
14/07/25 14:00:54,0b5b2d13-f411-452c-8df2-2a9adf7a8cbb,0b5b2d13-f411-452c-8df2-2a9adf7a8cbb,0ed3c6ae-9a69-4458-aac5-b6c3342c8954,27500,6,2000,2,2,2025-06-21T06:10:32.992Z,False,29500,27500,True,SELLABLESKU,False,Cold Drinks & Juices,Non-Alcoholic & Energy Drink,PIECE,1375,PIECE,27400,c6bba2b2-6b2d-4bd4-ae3d-adb6f9383393,9d102185-1fa3-4109-84a0-e2b4067c6fd8,Fast&Up Reload Energy Drink Low Sugar Electrolyte - Berry Flavour,Fast&up,India,Fast&Up,"Fast&Up, Wing-A, Lion Sole Marg, Highland Park, Andheri West, Mumbai, Maharashtra 400102.",,4b659ece-3219-4eb8-9bf9-917c73c64361,29500,20.0,1 pack (20 pcs),PIECE,20,12,24 months,,2,True,False,5.0,65,TIER_2,2000.0,,
14/07/25 14:00:54,da9c30f1-40ba-4101-a995-311507f1ebcf,da9c30f1-40ba-4101-a995-311507f1ebcf,0ed3c6ae-9a69-4458-aac5-b6c3342c8954,33100,44,26900,1,1,2025-06-30T19:07:35.688Z,False,60000,33100,True,SELLABLESKU,False,Cold Drinks & Juices,Water,PIECE,5516,PIECE,33100,b783925b-6b57-4750-99f6-01ea5145ec5e,a3ec15c5-a259-487c-9644-5b210a5a8771,Aava Sparkling Water,AAVA,India,,,,0d29a119-9f54-4071-a8b7-116cfac4dfc4,60000,6.0,6 x 500 ml,PIECE,3000,6,180 days,,1,True,False,3.9,52,TIER_2,26900.0,,
14/07/25 14:00:54,776c0eb1-d8bc-4e31-9458-fe55da297135,776c0eb1-d8bc-4e31-9458-fe55da297135,0ed3c6ae-9a69-4458-aac5-b6c3342c8954,1900,5,100,6,6,2025-07-13T09:13:40.988Z,False,2000,1900,True,SELLABLESKU,False,Cold Drinks & Juices,Soft Drinks,MILLILITRE,700,MILLILITRE,1900,dff3658b-c351-4e7f-8196-e98d0c66d99e,b54a91f2-3ccb-43cf-941e-28001b9b280b,Bombay Banta Imli Jeera Soft Drink,Bombay Banta,India,,,,be528717-fa5a-4c31-a02e-a282e1e8952e,2000,250.0,,MILLILITRE,250,6,6 months,,6,False,False,4.4,768,TIER_2,100.0,,
14/07/25 14:00:54,00c220fd-4adb-527f-bb91-4f9327ca5df1,00c220fd-4adb-527f-bb91-4f9327ca5df1,0ed3c6ae-9a69-4458-aac5-b6c3342c8954,10000,0,0,6,6,2025-07-13T09:19:12.540Z,False,10000,10000,True,SELLABLESKU,False,Cold Drinks & Juices,Fruit Juices & Drinks,LITER,1000,LITER,9600,c41e2ad3-2dcc-42b6-829b-7e3a8e78d754,e880c134-66ab-4b9e-85a4-cfa880755af3,Frooti Mango Drink,Frooti,India,,,,e4578a06-0624-4988-9e64-680698c58557,10000,1.25,10 x 125 ml,LITER,1250,6,180 days,,6,False,False,4.8,1226,,,,
14/07/25 14:00:54,b382babb-cac1-468b-8233-dd3e9c6686fc,b382babb-cac1-468b-8233-dd3e9c6686fc,0ed3c6ae-9a69-4458-aac5-b6c3342c8954,5300,33,2700,1,1,2025-07-11T14:22:48.765Z,False,8000,5300,True,SELLABLESKU,False,Cold Drinks & Juices,Milk Drinks,MILLILITRE,2900,MILLILITRE,5300,c5638eba-30c0-4a40-8c63-c9947fd22c16,e7e3bea7-3acb-4980-abb5-50f0406a7780,Epigamia Greek Yogurt Blueberry Smoothie,Epigamia,India,Drums Food International Pvt Ltd,"Drums Food International Pvt Ltd, The Centrium, Office No 2 ( Unit 302) , Phoenix Marketcity , LBS Marg, Kurla West, Mumbai 400070.","Greek Yogurt (Pasteurized Double Toned Milk, Milk Solids, Stabilizing Agent (Pectin Ins 440), Permitted Starter Cultures), Processed Blueberry Pulp (Sugar, Blueberry Puree, Water, Stabilizing Agent (Pectin Ins 440), Lemon Juice Concentrate) Total Fruit Content: 3%",52cd9ab1-a85b-41fe-b213-341e3dfd82d6,8000,180.0,180 ml,MILLILITRE,200,12,30 days,,1,False,False,4.7,205,TIER_2,2700.0,,
14/07/25 14:00:54,67d71fc1-de0e-4986-b477-d47a7bffed7f,67d71fc1-de0e-4986-b477-d47a7bffed7f,0ed3c6ae-9a69-4458-aac5-b6c3342c8954,27900,5,1600,3,3,2025-07-12T06:31:42.147Z,False,29500,27900,True,SELLABLESKU,False,Cold Drinks & Juices,Vegan Drinks,LITER,2790,LITER,27800,dcfd1067-a597-4ef0-81d6-9a3d1b9a2891,48dd7ede-e731-4b0a-ae7e-ea6393f13751,Only Earth Organic Coconut Drink,Only Earth,India,Naturise Consumer Products Pvt Ltd,"Naturise Consumer Products Pvt Ltd, 109, Vellala stree, Purasawalkam, Chennai 600084.",,7e1d7282-d490-4373-a4c7-1c7e44976830,29500,1.0,1 L,LITER,1000,12,12 months,,3,True,False,4.6,66,TIER_2,1600.0,,
14/07/25 14:00:54,31db9e03-a710-4fe7-a5c6-1a2df0714a24,31db9e03-a710-4fe7-a5c6-1a2df0714a24,0ed3c6ae-9a69-4458-aac5-b6c3342c8954,28300,8,2700,1,1,2025-07-14T08:24:13.814Z,False,31000,28300,True,SELLABLESKU,False,Cold Drinks & Juices,Non-Alcoholic & Energy Drink,PIECE,28300,PIECE,28200,c6bba2b2-6b2d-4bd4-ae3d-adb6f9383393,cef29fdf-0563-4666-b017-4cdc8b91d851,Fast&Up Reload Zero Sugar Energy Drink for Hydration - Ice Current Flavour,Fast&up,India,AERONUTRIX SPORTS PRODUCTS PVT LTD,,,a882b6ec-f992-435e-946e-aaad037ca556,31000,1.0,1 pack (22 pcs),PIECE,150,6,24 months,,1,True,False,4.6,981,TIER_2,2700.0,,
14/07/25 14:00:54,8126b483-30e5-5e25-91d6-48f86c9a692a,8126b483-30e5-5e25-91d6-48f86c9a692a,0ed3c6ae-9a69-4458-aac5-b6c3342c8954,60000,0,0,1,1,2025-07-11T13:54:37.210Z,False,60000,60000,True,SELLABLESKU,False,Cold Drinks & Juices,Water,PIECE,60000,PIECE,60000,b783925b-6b57-4750-99f6-01ea5145ec5e,81efb389-67b7-441c-9610-94cea61bb405,Evocus Natural Black Alkaline Water,Evocus,India,Evocus,,,df6aa881-f64c-4e06-a2c9-63e792d2c679,60000,1.0,1 pack (6 pcs),PIECE,3000,6,12 months,,1,True,False,4.2,68,,,,
14/07/25 14:00:54,9f018423-4088-466b-ab3d-b7a1d6f1f342,9f018423-4088-466b-ab3d-b7a1d6f1f342,0ed3c6ae-9a69-4458-aac5-b6c3342c8954,13500,0,0,2,2,2025-07-11T16:14:51.989Z,False,13500,13500,True,SELLABLESKU,False,Cold Drinks & Juices,Instant Drink Mixes,GRAM,12200,GRAM,13000,4d088b94-ba43-4bf0-a881-a573862aa0a1,a0b8811a-46da-4f3d-a436-469ff77115f0,hershey's Chocolate Instant Powder Mix,hershey's,India,Hershey's India,,,9e382434-e4ab-4571-8a8f-30f95b9ac3ee,13500,110.0,,GRAM,110,6,12 months,,2,False,False,4.7,266,,,,
14/07/25 14:00:54,eb7cd8e8-4983-4bda-8708-4912c8606caa,eb7cd8e8-4983-4bda-8708-4912c8606caa,0ed3c6ae-9a69-4458-aac5-b6c3342c8954,27500,6,2000,3,3,2025-07-07T22:29:56.289Z,False,29500,27500,True,SELLABLESKU,False,Cold Drinks & Juices,Non-Alcoholic & Energy Drink,PIECE,1375,PIECE,26000,c6bba2b2-6b2d-4bd4-ae3d-adb6f9383393,58329075-f4bb-4131-833f-6fd4653c8a12,Fast&Up Reload Energy Drink Low Sugar Electrolyte - Lime Lemon Flavour,Fast&up,India,Fast&Up,"Fast&Up, Wing-A, Lion Sole Marg, Highland Park, Andheri West, Mumbai, Maharashtra 400102.",,ea62fbf8-dc72-4655-97a8-1f891789341d,29500,20.0,1 pack (20 pcs),PIECE,20,12,24 months,,3,True,False,4.9,87,TIER_2,2000.0,,
14/07/25 14:00:54,9426d764-f832-4944-9ab8-48f0cd58e538,9426d764-f832-4944-9ab8-48f0cd58e538,0ed3c6ae-9a69-4458-aac5-b6c3342c8954,1900,5,100,6,6,2025-07-14T05:54:02.041Z,False,2000,1900,True,SELLABLESKU,False,Cold Drinks & Juices,Soft Drinks,MILLILITRE,700,MILLILITRE,1900,dff3658b-c351-4e7f-8196-e98d0c66d99e,adea52e2-48a2-4ebb-a358-868aaa04666d,Bombay Banta Lemon Soda Soft Drink,Bombay Banta,India,,,,3a989903-630f-49ac-b170-7b2c7bc1a2ab,2000,250.0,,MILLILITRE,250,6,6 months,,6,False,False,4.6,876,TIER_2,100.0,,
14/07/25 14:00:54,84e7d14d-3516-4965-ba43-3bccefb57aea,84e7d14d-3516-4965-ba43-3bccefb57aea,0ed3c6ae-9a69-4458-aac5-b6c3342c8954,7000,12,1000,1,1,2025-07-11T14:04:32.721Z,False,8000,7000,True,SELLABLESKU,False,Cold Drinks & Juices,Soda & Mixers,MILLILITRE,2800,MILLILITRE,7000,0df54b3f-11f6-4ada-b38a-9be38ea25eba,6196eb9e-3764-4e04-90e8-1be1b9d3c38c,3 Sisters Jeera Masala Soda,3 Sisters,India,Adhar Beverages Private Limited,,,e9977cfb-3bc9-4b2c-b10f-d1c4dd490f8c,8000,250.0,,MILLILITRE,270,6,18 months,,1,False,False,4.4,823,TIER_2,1000.0,,
14/07/25 14:00:54,62394c03-65d3-42a6-a565-f071079f120c,62394c03-65d3-42a6-a565-f071079f120c,0ed3c6ae-9a69-4458-aac5-b6c3342c8954,27600,8,2400,2,2,2025-07-13T10:26:35.325Z,False,30000,27600,True,SELLABLESKU,False,Cold Drinks & Juices,Vegan Drinks,LITER,2760,LITER,25800,dcfd1067-a597-4ef0-81d6-9a3d1b9a2891,a4d67bda-f8f2-4aa3-af00-3f18582c98ce,So Good Plant Based Almond Milk,So Good,India,Life Health Foods India Pvt Ltd,"Life Health Foods India Pvt Ltd No.510, Atlanta Estate, Dr.Ambedkar Chowk, Off. W.E. Highway,Goregaon(E), Mumbai.",Almond Milk,046dd783-2e2f-456c-b320-d5e0c8bf93dc,30000,1.0,1 L,LITER,1000,6,12 months,,2,True,False,4.7,101,TIER_2,2400.0,,
14/07/25 14:00:54,97009cfc-d553-5fd7-acad-7cd478aad164,97009cfc-d553-5fd7-acad-7cd478aad164,0ed3c6ae-9a69-4458-aac5-b6c3342c8954,1500,0,0,6,6,2025-07-14T05:29:55.065Z,False,1500,1500,True,SELLABLESKU,False,Cold Drinks & Juices,Milk Drinks,MILLILITRE,800,MILLILITRE,1300,c5638eba-30c0-4a40-8c63-c9947fd22c16,f7700c38-1875-45ab-8093-cf881029b677,Smoodh Chaas Masala Flavoured Buttermilk Pet,Smoodh,India,,,,3e857b3a-5a46-417f-b8bb-771339952771,1500,180.0,,MILLILITRE,180,6,180 days,,6,False,False,4.2,755,,,,
14/07/25 14:00:54,c6ea23f2-d175-4f33-9ecf-9c7e163981b5,c6ea23f2-d175-4f33-9ecf-9c7e163981b5,0ed3c6ae-9a69-4458-aac5-b6c3342c8954,1900,5,100,6,6,2025-07-13T19:11:15.972Z,False,2000,1900,True,SELLABLESKU,False,Cold Drinks & Juices,Soft Drinks,MILLILITRE,700,MILLILITRE,1900,dff3658b-c351-4e7f-8196-e98d0c66d99e,f9538f84-908d-4416-a688-506915f46275,Bombay Banta Kala Khatta Soft Drink,Bombay Banta,India,,,,d70671c3-dfcc-4cf5-a1e0-157f822cd4a5,2000,250.0,,MILLILITRE,250,6,6 months,,6,False,False,4.4,1480,TIER_2,100.0,,
14/07/25 14:16:07,72364048-e997-41e5-8ee0-d282c1ccc80d,72364048-e997-41e5-8ee0-d282c1ccc80d,0ed3c6ae-9a69-4458-aac5-b6c3342c8954,7000,12,1000,2,2,2025-07-11T13:58:01.309Z,False,8000,7000,True,SELLABLESKU,False,Cold Drinks & Juices,Soda & Mixers,MILLILITRE,2800,MILLILITRE,6400,0df54b3f-11f6-4ada-b38a-9be38ea25eba,5620d543-1717-4ba0-913a-e16724976e02,3 Sisters Imli Chaska Soda,3 Sisters,India,Adhar Beverages Private Limited,,,41e3069d-f14f-4da7-ba6b-123201c6f29a,8000,250.0,,MILLILITRE,270,6,18 months,,2,False,False,4.4,354,TIER_2,1000.0,,
14/07/25 14:16:07,93bfa381-8f8e-55a7-8972-1c88e262ec68,93bfa381-8f8e-55a7-8972-1c88e262ec68,0ed3c6ae-9a69-4458-aac5-b6c3342c8954,24500,23,7500,2,2,2025-07-12T01:31:37.006Z,False,32000,24500,True,SELLABLESKU,False,Cold Drinks & Juices,Instant Drink Mixes,GRAM,3200,GRAM,22900,4d088b94-ba43-4bf0-a881-a573862aa0a1,81b70af5-f11f-4444-bf08-9e535b877e08,Rasna Mango Instant Powder Mix,Rasna,India,Rasna Private Limited,,,3b09e1da-6ac6-48dd-b644-16de94da1c6a,32000,750.0,750 g,GRAM,750,6,24 months,,2,True,False,5.0,58,TIER_2,7500.0,,
14/07/25 14:16:07,ae379082-53cd-4e6c-88bd-022a45c8f930,ae379082-53cd-4e6c-88bd-022a45c8f930,0ed3c6ae-9a69-4458-aac5-b6c3342c8954,27400,7,2100,2,2,2025-07-10T23:30:09.621Z,False,29500,27400,True,SELLABLESKU,False,Cold Drinks & Juices,Non-Alcoholic & Energy Drink,PIECE,1370,PIECE,27400,c6bba2b2-6b2d-4bd4-ae3d-adb6f9383393,e18255d2-bc1e-46a6-a455-2d449f24cb10,Fast&Up Reload Energy Drink Low Sugar Electrolyte - Mojito Flavour,Fast&up,India,Fast&Up,,,24664565-a53a-4c06-b3ec-b41fb8b64639,29500,20.0,1 pack (20 pcs),PIECE,20,6,24 months,,2,True,False,4.2,843,TIER_2,2100.0,,
14/07/25 14:16:07,c77ad7bf-a35e-401c-932f-a1e445dd1650,c77ad7bf-a35e-401c-932f-a1e445dd1650,0ed3c6ae-9a69-4458-aac5-b6c3342c8954,7500,0,0,5,5,2025-07-13T06:50:33.690Z,False,7500,7500,True,SELLABLESKU,False,Cold Drinks & Juices,Fruit Juices & Drinks,MILLILITRE,600,MILLILITRE,6100,c41e2ad3-2dcc-42b6-829b-7e3a8e78d754,68b3332c-42b0-4999-ae8e-df77ecadc12e,Frooti Mango Fruit Juice,Frooti,India,Parle Agro,,"Water, Mango Pulp, Sugar, Acidity Regulator (330), Antioxidant (300). Contains Permitted (Class Ii) Preservatives (211.202.224). Contains Added Permitted Synthetic Food Colour (110) And Nature Identical Flavouring Substances (Mango).",73a33d8f-45f6-4a11-82ca-f5880412bf91,7500,1200.0,1.2 L,MILLILITRE,1200,24,179 days,per 100 ml of productEnergy (kcal) - 65Carbohydrates (g) - 16.2�Natural Sugar (g) - 2.5Added sugar (g) - 13.3Fat (g) - 0Protein (g) - 0Calcium (mg) - 8Vit A (mcg) - 120,5,False,False,4.7,6680,,,,
14/07/25 14:16:07,9fda4159-34dc-5a98-bb7f-47181baeae55,9fda4159-34dc-5a98-bb7f-47181baeae55,0ed3c6ae-9a69-4458-aac5-b6c3342c8954,4500,0,0,1,1,2025-07-12T16:20:15.607Z,False,4500,4500,True,SELLABLESKU,False,Cold Drinks & Juices,Soda & Mixers,MILLILITRE,1800,MILLILITRE,4200,0df54b3f-11f6-4ada-b38a-9be38ea25eba,82f1b820-933f-4be1-9924-851b073f0722,Bombay 99 Club Soda,Bombay 99,India,Parle Agro Pvt Ltd,"Parle Agro Pvt Ltd, Plot No. 32-42, Adakanhalli Industrial Area, Nanjangud Taluk, Mysore -571302' Country of origin",Purified Water & Carbon dioxide.,4ea99e0c-280d-4933-bafb-c7cabbc5df5a,4500,250.0,250 ml,MILLILITRE,250,16,12 months,,1,False,False,3.9,88,,,,
14/07/25 14:16:07,6b037605-e246-4cb2-b996-1a421527a542,6b037605-e246-4cb2-b996-1a421527a542,0ed3c6ae-9a69-4458-aac5-b6c3342c8954,9200,7,700,4,4,2025-07-12T23:46:11.756Z,False,9900,9200,True,SELLABLESKU,False,Cold Drinks & Juices,Non-Alcoholic & Energy Drink,MILLILITRE,2700,MILLILITRE,8500,c6bba2b2-6b2d-4bd4-ae3d-adb6f9383393,dc293798-dcd4-40fc-b123-6e9436b9890d,Coolberg Strawberry Non Alcoholic Beer,Coolberg,India,Coolberg Beverages Pvt Ltd,"Universal Business Park, 406, A-Wing, Off, Saki Vihar Rd, Chandivali, Mumbai, Maharashtra 400072.","Carbonated Water, Sugar, Apple Juice Concentrate (1.40%), Barley Malt, Acidulant (INS 330), Herbs, Permitted Class II Preservatives (INS 211), Acidity Regulator (INS 331), Contains Permitted Natural Food Colour (INS 150d) And Added flavours (Natural, Nature Identical And Artificial Flavouring Substances- Strawberry)",6c088207-64aa-4078-bf87-2c3c7efeda9a,9900,330.0,330 ml,MILLILITRE,330,12,12 months,Energy- 49.33 KcalProtein- 0.64 gCarbohydrates- 11.67 gSugar- 11.11 gFat- 0.01 g,4,False,False,4.7,836,TIER_2,700.0,,
14/07/25 14:16:07,295027cd-d4ed-57e7-987a-0c662831fb7b,295027cd-d4ed-57e7-987a-0c662831fb7b,0ed3c6ae-9a69-4458-aac5-b6c3342c8954,24500,23,7500,2,2,2025-06-15T10:03:34.156Z,False,32000,24500,True,SELLABLESKU,False,Cold Drinks & Juices,Instant Drink Mixes,GRAM,3200,GRAM,22900,4d088b94-ba43-4bf0-a881-a573862aa0a1,f6f74925-3b12-4bb7-a14c-57b8e0010da3,Rasna Lemon Instant Powder Mix,Rasna,India,Rasna Private Limited,,,14ef2002-e96a-4f46-ac64-31548d47a464,32000,750.0,,GRAM,750,6,24 months,,2,True,False,4.5,807,TIER_2,7500.0,,
14/07/25 14:16:07,23246ad6-cb0a-4278-9518-abd9c4d066bd,23246ad6-cb0a-4278-9518-abd9c4d066bd,0ed3c6ae-9a69-4458-aac5-b6c3342c8954,3400,15,600,4,4,2025-07-13T15:49:36.755Z,False,4000,3400,True,SELLABLESKU,False,Cold Drinks & Juices,Milk Drinks,MILLILITRE,1800,MILLILITRE,3000,c5638eba-30c0-4a40-8c63-c9947fd22c16,44c753c3-6c26-4223-a039-c94e6c99aa1c,Hershey's Chocolate Milkshake,Hershey's,USA,The Hershey's Company,"Hershey India Pvt Ltd, Plot, No 5, New Industrial Area No. 1, Mandideep Dist, Raisen - 462046, Madhya Pradesh.",,88e09c4d-9227-43b4-81bf-6299d92a654a,4000,180.0,180 ml,MILLILITRE,180,12,9 months,,4,False,False,4.6,2160,TIER_2,600.0,,
14/07/25 14:16:07,ebe2d7ce-7c66-4307-8974-e5d16c915787,ebe2d7ce-7c66-4307-8974-e5d16c915787,0ed3c6ae-9a69-4458-aac5-b6c3342c8954,2200,12,300,8,8,2025-07-13T09:33:20.601Z,False,2500,2200,True,SELLABLESKU,False,Cold Drinks & Juices,Soft Drinks,MILLILITRE,600,MILLILITRE,2200,dff3658b-c351-4e7f-8196-e98d0c66d99e,a6ee8bfd-8f4d-42dd-9b53-5c66cd9b71ce,7UP Nimbooz Soft Drink,7UP Nimbooz,India,Varun Beverages Limited,"Varun Beverages Limited, Plot No. 31, Institutional Area, Sector - 44, Gurgaon - 122002, Haryana, India.","Water, Sugar, Concentrated Lemon Juice (0.7%), Acidity Regulators (331(Iii), 296, 330), Flavour (Natural Flavouring Substances), Iodised Salt, Stabilizer (445(Iii)), Preservative (202). Equivalent To 5% Lemon Juice (Reconstituted)""",5958fc48-7c79-46e4-a5f0-b752158eacab,2500,350.0,350 ml,MILLILITRE,250,8,120 days,"Serve Size: 200 ml; 1.8 servings in this pack 
  Per 100 ml % RDA Per Serve
 Energy 42 kcal 4%
 Protein 0 g 
 Carbohydrate 10.6 g 
 Total Sugars  10.6 g 
 Added Sugars  10.5 g 42%
Total Fat 0 g 0%
 Saturated Fat  0 g 0%
Trans Fat  0 g 0%
Sodium  65 mg 7%
^Approximate Values""",8,False,False,4.7,7831,TIER_2,300.0,,
14/07/25 14:16:07,c93d8c2c-2036-4756-85c2-7a22e6ac1527,c93d8c2c-2036-4756-85c2-7a22e6ac1527,0ed3c6ae-9a69-4458-aac5-b6c3342c8954,27600,8,2400,2,2,2025-07-07T12:11:02.583Z,False,30000,27600,True,SELLABLESKU,False,Cold Drinks & Juices,Vegan Drinks,LITER,2760,LITER,26200,dcfd1067-a597-4ef0-81d6-9a3d1b9a2891,ac931d8e-612a-425b-9cb4-7efea478e971,So Good Regular Oat Milk,So Good,India,LHF,,,cedaec19-a71a-4fd7-8a34-8af2e85591f6,30000,1.0,1 L,LITER,1,12,12 months,,2,True,False,4.4,71,TIER_2,2400.0,,
14/07/25 14:16:07,a670315b-39d8-409b-b0ef-5fc3a5adfda1,a670315b-39d8-409b-b0ef-5fc3a5adfda1,0ed3c6ae-9a69-4458-aac5-b6c3342c8954,9200,7,700,3,3,2025-07-07T00:26:59.312Z,False,9900,9200,True,SELLABLESKU,False,Cold Drinks & Juices,Non-Alcoholic & Energy Drink,MILLILITRE,2700,MILLILITRE,8500,c6bba2b2-6b2d-4bd4-ae3d-adb6f9383393,38d6bdf6-5984-4a89-9806-3fcaca94bf30,Coolberg Peach Non Alcoholic Beer,Coolberg,India,Coolberg Beverages Pvt Ltd,"Universal Business Park, 406, A-Wing, Off, Saki Vihar Rd, Chandivali, Mumbai, Maharashtra 400072.",,015d8c7b-5906-48fe-b0ee-66a142d22f31,9900,330.0,330 ml,MILLILITRE,330,12,12 months,,3,True,False,4.7,352,TIER_2,700.0,,
14/07/25 14:16:07,21383217-2c62-4d32-9ddf-9b78f7e7714b,21383217-2c62-4d32-9ddf-9b78f7e7714b,0ed3c6ae-9a69-4458-aac5-b6c3342c8954,4000,0,0,23,23,2025-07-14T08:19:33.679Z,False,4000,4000,True,SELLABLESKU,False,Cold Drinks & Juices,Fruit Juices & Drinks,MILLILITRE,600,MILLILITRE,3200,c41e2ad3-2dcc-42b6-829b-7e3a8e78d754,68b3332c-42b0-4999-ae8e-df77ecadc12e,Frooti Mango Fruit Juice,Frooti,India,Parle Agro,,"Water, Mango Pulp, Sugar, Acidity Regulator (330), Antioxidant (300). Contains Permitted (Class Ii) Preservatives (211.202.224). Contains Added Permitted Synthetic Food Colour (110) And Nature Identical Flavouring Substances (Mango).",5d31041f-31fd-47b0-b1a4-cb03a40c30f4,4000,600.0,600 ml,MILLILITRE,600,24,6 months,,23,False,False,4.7,6680,,,,
14/07/25 14:16:07,53ea2bdb-37b7-446c-a6d0-807cd0513751,53ea2bdb-37b7-446c-a6d0-807cd0513751,0ed3c6ae-9a69-4458-aac5-b6c3342c8954,7500,0,0,12,12,2025-07-14T01:27:08.086Z,False,7500,7500,True,SELLABLESKU,False,Cold Drinks & Juices,Water,LITER,150,LITER,7500,b783925b-6b57-4750-99f6-01ea5145ec5e,0d579560-8fd3-4708-88b0-7ef5245ff0c9,Bisleri Packaged Drinking Water,Bisleri,India,BISLERI INTERNATIONAL PVT LTD,"BISLERI INTERNATIONAL PVT LTD, 29/33, UDAYAGIRI VILLAGE, DEVANAHALLI, BANGALORE-562110.",,02301ce1-e2ee-45f5-8761-39dfe0cc68f9,7500,5.0,5 L,LITER,5000,12,6 months,Typical value per 100 ml of product.Potassium (mg) - 0.1Magnesium (mg) - 0.2,12,False,False,4.7,3337,,,,
14/07/25 14:16:07,8c027ead-426f-479e-88b5-00adc84c6899,8c027ead-426f-479e-88b5-00adc84c6899,0ed3c6ae-9a69-4458-aac5-b6c3342c8954,9300,6,600,2,2,2025-07-11T16:02:58.945Z,False,9900,9300,True,SELLABLESKU,False,Cold Drinks & Juices,Non-Alcoholic & Energy Drink,MILLILITRE,2800,MILLILITRE,8600,c6bba2b2-6b2d-4bd4-ae3d-adb6f9383393,a979a8bc-3595-45b4-888c-98052c6bd3c7,3 Sisters Cranberry Non Alcoholic Beer,3 Sisters,India,,,,40b9a67f-05ac-4882-a9f7-74a18d95eb06,9900,330.0,,MILLILITRE,600,6,12 months,,2,False,False,4.4,449,TIER_2,600.0,,
14/07/25 14:16:07,759842ab-2e5e-4eaf-9cd0-414cf5b2f80c,759842ab-2e5e-4eaf-9cd0-414cf5b2f80c,0ed3c6ae-9a69-4458-aac5-b6c3342c8954,27700,14,4800,1,1,2025-07-12T23:21:03.189Z,False,32500,27700,True,SELLABLESKU,False,Cold Drinks & Juices,Vegan Drinks,LITER,2770,LITER,27600,dcfd1067-a597-4ef0-81d6-9a3d1b9a2891,c9938583-baa6-4d52-84cb-382e7f6f9d04,So Good Barista Oat Beverage,So Good,India,LHF,,,33833e18-df7a-46d4-bd41-32abd6a71f16,32500,1.0,1 L,LITER,1000,6,12 months,,1,True,False,4.5,616,TIER_2,4800.0,,
14/07/25 14:16:07,8395089d-9fb6-4444-bd51-216346d42120,8395089d-9fb6-4444-bd51-216346d42120,0ed3c6ae-9a69-4458-aac5-b6c3342c8954,66000,0,0,3,3,2025-07-13T14:03:28.728Z,False,66000,66000,True,SELLABLESKU,False,Cold Drinks & Juices,Soda & Mixers,MILLILITRE,20000,MILLILITRE,47500,0df54b3f-11f6-4ada-b38a-9be38ea25eba,b8cbee0e-6759-48a7-a6b3-f7d84ceb0096,Perrier Natural Sparkling Water,Perrier,France,,,,3ad14843-0d8d-406d-ba61-3f7ddb1af331,66000,330.0,4 x 330 ml,MILLILITRE,1320,6,36 months,,3,True,False,5.0,52,,,,
14/07/25 14:16:07,faf2809d-f71b-5254-8437-d820de96ba40,faf2809d-f71b-5254-8437-d820de96ba40,0ed3c6ae-9a69-4458-aac5-b6c3342c8954,9900,0,0,2,2,2025-07-09T08:16:31.811Z,False,9900,9900,True,SELLABLESKU,False,Cold Drinks & Juices,Instant Drink Mixes,MILLILITRE,3000,MILLILITRE,9400,4d088b94-ba43-4bf0-a881-a573862aa0a1,98cc8680-43a1-47d3-8d58-6f870cf51e88,Mapro Strawberry Fruit Crush,Mapro,India,,,,f5a6598e-7c4d-4b92-bf53-50c611cd05a0,9900,330.0,330 ml,MILLILITRE,330,6,12 months,,2,True,False,4.6,303,,,,
14/07/25 14:16:07,5d32eaf6-64e6-4fa8-8c86-c0a394b574c5,5d32eaf6-64e6-4fa8-8c86-c0a394b574c5,0ed3c6ae-9a69-4458-aac5-b6c3342c8954,3500,12,500,6,6,2025-07-12T11:41:01.902Z,False,4000,3500,True,SELLABLESKU,False,Cold Drinks & Juices,Milk Drinks,MILLILITRE,1900,MILLILITRE,3300,c5638eba-30c0-4a40-8c63-c9947fd22c16,c6e2b7d7-146e-4303-a393-f33aa183bca5,Hershey's Cookies and Cream Milkshake,Hershey's,USA,The Hershey's Company,"Hershey India Private Limited, Plot No. 5, New Industrial Area No. 1, Mandideep, Dist Raisen 462046, MP, India",,92461036-68ef-4af6-ae40-77836b4da717,4000,180.0,180 ml,MILLILITRE,180,12,9 months,,6,False,False,4.4,858,TIER_2,500.0,,
14/07/25 14:16:07,057d52e4-a0a5-48a3-90f4-a8336576a697,057d52e4-a0a5-48a3-90f4-a8336576a697,0ed3c6ae-9a69-4458-aac5-b6c3342c8954,3000,0,0,12,12,2025-07-13T22:37:31.030Z,False,3000,3000,True,SELLABLESKU,False,Cold Drinks & Juices,Water,LITER,150,LITER,3000,b783925b-6b57-4750-99f6-01ea5145ec5e,6399053f-7bde-4fd2-b1f1-76df91853fdd,Bisleri Packaged Drinking Water,Bisleri,India,BISLERI INTERNATIONAL PVT LTD,"BISLERI INTERNATIONAL PVT LTD, 29/33, UDAYAGIRI VILLAGE, DEVANAHALLI, BANGALORE-562110.",,d565b64e-9cc5-4b0d-9189-35129776abdb,3000,2.0,2 l,LITER,2,12,6 months,Typical value per 100 ml of product.Potassium (mg) - 0.1Magnesium (mg) - 0.2,12,False,False,4.8,7137,,,,
14/07/25 14:16:07,acdf8b5b-4762-5b0b-aa16-011660778134,acdf8b5b-4762-5b0b-aa16-011660778134,0ed3c6ae-9a69-4458-aac5-b6c3342c8954,8500,14,1400,3,3,2025-07-12T17:28:33.090Z,False,9900,8500,True,SELLABLESKU,False,Cold Drinks & Juices,Non-Alcoholic & Energy Drink,MILLILITRE,2500,MILLILITRE,8000,c6bba2b2-6b2d-4bd4-ae3d-adb6f9383393,bc433c4c-6468-411a-bfd9-c2146d7993d2,Coolberg Mint Non Alcoholic Beer,Coolberg,India,,,,c73a5c08-03bb-4182-90a3-9b7f098fb130,9900,330.0,330 ml,MILLILITRE,600,6,12 months,,3,False,False,4.7,207,TIER_2,1400.0,,
14/07/25 14:16:07,03a0dbcf-2ab6-4305-84a8-e576c37b8728,03a0dbcf-2ab6-4305-84a8-e576c37b8728,0ed3c6ae-9a69-4458-aac5-b6c3342c8954,27700,14,4800,4,4,2025-07-12T04:35:36.745Z,False,32500,27700,True,SELLABLESKU,False,Cold Drinks & Juices,Vegan Drinks,LITER,2770,LITER,19500,dcfd1067-a597-4ef0-81d6-9a3d1b9a2891,44cae3b5-1e38-4a08-9d13-f39fff737826,Epigamia Almond Milk,Epigamia,India,Drums Food International Pvt Ltd,"Drums Food International Pvt Ltd, The Centrium, Office No 2 ( Unit 302) , Phoenix Marketcity , LBS Marg, Kurla West, Mumbai 400070.",,6312bdca-1472-4df2-ae61-32e235e41ec6,32500,1.0,1 L,LITER,1,12,9 months,,4,True,False,4.7,511,TIER_2,4800.0,,
14/07/25 14:16:07,bf0ab63a-09ae-511f-8747-3eb22a3730fa,bf0ab63a-09ae-511f-8747-3eb22a3730fa,0ed3c6ae-9a69-4458-aac5-b6c3342c8954,19800,0,0,2,2,2025-07-10T18:32:44.110Z,False,19800,19800,True,SELLABLESKU,False,Cold Drinks & Juices,Instant Drink Mixes,MILLILITRE,2600,MILLILITRE,18800,4d088b94-ba43-4bf0-a881-a573862aa0a1,bdeeb136-c44c-4fbb-a48c-713834a5d87b,Mapro Strawberry Fruit Crush,Mapro,India,,,,0a7cadba-08b4-48e5-97f3-1a263b7b34de,19800,750.0,750 ml,MILLILITRE,750,6,12 months,,2,True,False,4.2,593,,,,
14/07/25 14:16:07,e2268e4b-824e-4d9e-bcb7-4e5a59537e70,e2268e4b-824e-4d9e-bcb7-4e5a59537e70,0ed3c6ae-9a69-4458-aac5-b6c3342c8954,3600,10,400,5,5,2025-07-13T12:29:54.632Z,False,4000,3600,True,SELLABLESKU,False,Cold Drinks & Juices,Milk Drinks,MILLILITRE,2000,MILLILITRE,3400,c5638eba-30c0-4a40-8c63-c9947fd22c16,4fd9f646-a508-4343-bb65-6def1bb1a945,Epigamia Chocolate Milkshake,Epigamia,India,Drums Food International Pvt Ltd,"Drums Food International Pvt Ltd, The Centrium, Office No 2 ( Unit 302) , Phoenix Marketcity , LBS Marg, Kurla West, Mumbai 400070.","Fortified Toned Milk (73.4%) [Milk, Milk Solids, Vitamin A&D], Water, Sugar, Milk Solids, Cocoa Powder (115%), Emulsifier & Stabilizer (INS 471, INS 407, INS 412), Acidity Regulator [INS 339 (ii)], Flavour (Nature Identical Flavouring substances), Iodized Salt.",88f70d00-4561-4232-8bc7-e0331d189055,4000,180.0,180 ml,MILLILITRE,180,16,9 months,"Per 100 ml :-Energy 103 Kcal,Protein 3 g,Carbohydrate 15.5 g,Total Sugars 15.5 g,Added Sugars 11 g,Total Fat 3.2 g,Saturated Fat 2 g,Trans Fat 0.1 g,Cholesterol 10.1 mg,Vitamin A 66.9 mcg,VitaminD 0.60 mcg,Calcium 100 mg,Sodium 50 mg.",5,False,False,4.6,1544,TIER_2,400.0,,
14/07/25 14:16:07,10ad5afb-19d5-459a-acac-76d546d95772,10ad5afb-19d5-459a-acac-76d546d95772,0ed3c6ae-9a69-4458-aac5-b6c3342c8954,4000,0,0,2,2,2025-07-13T16:11:45.864Z,False,4000,4000,True,SELLABLESKU,False,Cold Drinks & Juices,Soft Drinks,MILLILITRE,600,MILLILITRE,3800,dff3658b-c351-4e7f-8196-e98d0c66d99e,f5e2a467-d8d2-4b7a-82b8-6169d19f2fb8,Appy Fizz Apple Soft Drink | Pet,Appy,India,Parle Agro Pvt Ltd,"Parle Agro Pvt Ltd, Plot No; 32 to 46 & 54 to 63, Adakanahalli Industrial Area, Nanjangud taluk, Mysore District - 571302.","Water, Reconstituted Apple Juice, Sugar, CO2, Acidity Regulators, Antioxidant.",6a99c24e-d8f2-4f51-8aef-8282ffc69dca,4000,600.0,600 ml,MILLILITRE,600,12,120 days,Typical value per 100 ml of product.Energy (kcal) - 54Carbohydrates (g) - 13.6 -Natural Sugar (g) - 1.3 -Sugar (g) - 12.3Fat (g) - 0Protein (g) - 0,2,False,False,4.7,4085,,,,
14/07/25 14:16:07,6016911d-1a8d-41c0-8b4f-b900e2302bfb,6016911d-1a8d-41c0-8b4f-b900e2302bfb,0ed3c6ae-9a69-4458-aac5-b6c3342c8954,8700,37,5300,1,1,2025-07-07T20:25:45.332Z,False,14000,8700,True,SELLABLESKU,False,Cold Drinks & Juices,Fruit Juices & Drinks,LITER,870,LITER,8300,c41e2ad3-2dcc-42b6-829b-7e3a8e78d754,bc5b9f2e-757d-44ec-8f0d-a85862f9dd80,B Natural Apple Fruit Juice,B Natural,India,ITC Limited,"ITC Limited, 37, J.L. Nehru Road, Kolkata- 700071.","Water, Apple Juice, Concentrate 17.6%",30cb5331-30f9-42f7-8b1d-ce61e01c4369,14000,1.0,1 L,LITER,1000,6,9 months,per 100 ml of product.Energy (kcal) - 54 Protein (g) - 0 Carbohydrates (g) - 13.5 Natural Sugar - 1.5 Added Sugar (g) - 12 Fat (g) - 0 Vit C (mg) - 17,1,False,False,4.4,177,TIER_2,5300.0,,
14/07/25 14:16:07,1c531bf3-6987-5fee-9e16-626c22280284,1c531bf3-6987-5fee-9e16-626c22280284,0ed3c6ae-9a69-4458-aac5-b6c3342c8954,12000,20,3000,2,2,2025-07-11T13:54:33.826Z,False,15000,12000,True,SELLABLESKU,False,Cold Drinks & Juices,Milk Drinks,MILLILITRE,4000,MILLILITRE,11000,c5638eba-30c0-4a40-8c63-c9947fd22c16,ce773cc3-4d44-4f63-8eed-c5eb19679db8,Maiva Pro Coffee 20g Plant Protein 20 Multivitamin Shake,Maiva Fresh,India,Armaara Innoventures Pvt. Ltd.,,,04a5dce2-b983-425c-8383-3d71f92f3763,15000,300.0,,MILLILITRE,300,6,180 days,,2,False,False,4.6,288,TIER_2,3000.0,,
14/07/25 14:16:07,02f72153-1ec1-42c5-b1e2-5f7b885190a6,02f72153-1ec1-42c5-b1e2-5f7b885190a6,0ed3c6ae-9a69-4458-aac5-b6c3342c8954,3500,12,500,2,2,2025-07-11T15:58:05.768Z,False,4000,3500,True,SELLABLESKU,False,Cold Drinks & Juices,Milk Drinks,MILLILITRE,1900,MILLILITRE,3400,c5638eba-30c0-4a40-8c63-c9947fd22c16,f46e60af-448c-42c2-ba27-39429ea64394,Hershey's Vanilla Milkshake,Hershey's,USA,The Hershey's Company,"HERSHEY INDIA PVT. LTD., SCHINDLER HOUSE, HIRANANDANI GARDENS, POWAI, MUMBAI- 400076.","Water, Sugar, Milk Solids (8%), Emulsifier (460(i), 466, 471, 407), Mineral (Calcium Carbonate), Sequestrant (339(ii)), Mineral (Zinc Sulphate), Vitamin E (Acetate), Vitamin A (Acetate), Vitamin D2 (Ergocalciferol), Vitamin B1 (Thiamine Chloride Hydrochloride) and Vitamin B2 (Riboflavin) and Edible Common Salt.",15b5921f-f2b6-49b2-9d5e-ae1a8d22583a,4000,180.0,180 ml,MILLILITRE,180,8,9 months,"Energy 155.6 Kcal,Protein - 3.6g,Carbohydrates -28.54g,Sugar 21,24g,Fat 3g,Calcium - 324mg",2,False,False,4.5,558,TIER_2,500.0,,
14/07/25 14:16:07,6ad4732b-003c-4c46-a902-2db5656f21b4,6ad4732b-003c-4c46-a902-2db5656f21b4,0ed3c6ae-9a69-4458-aac5-b6c3342c8954,9400,5,500,12,12,2025-07-13T06:29:14.771Z,False,9900,9400,True,SELLABLESKU,False,Cold Drinks & Juices,Soft Drinks,LITER,470,LITER,7300,dff3658b-c351-4e7f-8196-e98d0c66d99e,e358d59a-f7dd-4d43-83a8-a48b8ebbafa0,Pepsi Soft Drink,Pepsi,India,Varun Beverages Limited,"Varun Beverages Limited, Plot No. 31, Institutional Area, Sector - 44, Gurgaon - 122002, Haryana, India.",,82675cec-f35e-4f33-86c9-39d6b0b94f39,9900,2.25,2.25 L,LITER,2250,24,120 days,,12,False,False,4.7,10488,TIER_2,500.0,,
14/07/25 14:16:07,05cadf20-eeb6-458d-a7e4-ebc7e35bcc88,05cadf20-eeb6-458d-a7e4-ebc7e35bcc88,0ed3c6ae-9a69-4458-aac5-b6c3342c8954,2000,0,0,24,24,2025-07-13T22:39:51.233Z,False,2000,2000,True,SELLABLESKU,False,Cold Drinks & Juices,Water,LITER,200,LITER,2000,b783925b-6b57-4750-99f6-01ea5145ec5e,6399053f-7bde-4fd2-b1f1-76df91853fdd,Bisleri Packaged Drinking Water,Bisleri,India,BISLERI INTERNATIONAL PVT LTD,"BISLERI INTERNATIONAL PVT LTD, 29/33, UDAYAGIRI VILLAGE, DEVANAHALLI, BANGALORE-562110.",,569a128f-b7e7-419f-9dfd-01909d78c0ea,2000,1.0,1 L,LITER,1000,24,6 months,Typical value per 100 ml of product.Potassium (mg) - 0.1Magnesium (mg) - 0.2,24,False,False,4.8,7137,,,,
14/07/25 14:16:07,7fb0d1cc-4cf5-43cb-92d6-05fbc96d8a6b,7fb0d1cc-4cf5-43cb-92d6-05fbc96d8a6b,0ed3c6ae-9a69-4458-aac5-b6c3342c8954,7700,9,800,12,12,2025-07-13T09:27:57.386Z,False,8500,7700,True,SELLABLESKU,False,Cold Drinks & Juices,Vegan Drinks,MILLILITRE,3800,MILLILITRE,7300,dcfd1067-a597-4ef0-81d6-9a3d1b9a2891,438421fd-75e4-4f17-8bfa-644cead28750,Dabur Hommade Organic Coconut Milk,Dabur Hommade,India,Dabur India Limited,"Dabur India Limited, Plot No-22, Site 4, Sahibabad, Sahibabad Industrial Area, Sahibabad Industrial Area, Ghaziabad, Uttar Pradesh.",,9687009f-7d47-4cd0-8b2e-6512e9730427,8500,200.0,200 ml,MILLILITRE,200,12,9 months,,12,False,False,4.7,625,TIER_2,800.0,,
14/07/25 14:16:07,8f728ced-5283-4d01-a349-663187cfa165,8f728ced-5283-4d01-a349-663187cfa165,0ed3c6ae-9a69-4458-aac5-b6c3342c8954,3500,12,500,2,2,2025-07-09T09:49:50.616Z,False,4000,3500,True,SELLABLESKU,False,Cold Drinks & Juices,Milk Drinks,MILLILITRE,1900,MILLILITRE,3300,c5638eba-30c0-4a40-8c63-c9947fd22c16,6a77a4b6-b891-48f1-9c3c-06d9fcff50a1,Hershey's Milkshake Cashew Butterscotch Ice Cream Flavor,Hershey's,India,?Makson Pharmaceutical (I) Pvt. Ltd.,,,9bf072a0-b990-467c-9c2b-90a2c74d40a7,4000,180.0,180 ml,MILLILITRE,180,6,9 months,,2,False,False,4.5,618,TIER_2,500.0,,
14/07/25 14:16:07,fa172295-b259-4fdc-9852-0938e7f2008c,fa172295-b259-4fdc-9852-0938e7f2008c,0ed3c6ae-9a69-4458-aac5-b6c3342c8954,3600,10,400,2,2,2025-07-07T23:57:42.652Z,False,4000,3600,True,SELLABLESKU,False,Cold Drinks & Juices,Milk Drinks,MILLILITRE,2000,MILLILITRE,3400,c5638eba-30c0-4a40-8c63-c9947fd22c16,88f320d1-761a-4b0e-be92-61e9733b41d5,Hershey's Coffee Mocha Flavoured Milkshake,Hershey's,India,?Makson Pharmaceutical (I) Pvt. Ltd.,,,b4d48bc1-1760-44de-afa9-402cad1ceb25,4000,180.0,180 ml ,MILLILITRE,180,6,9 months,,2,False,False,4.4,272,TIER_2,400.0,,
14/07/25 14:17:22,72364048-e997-41e5-8ee0-d282c1ccc80d,72364048-e997-41e5-8ee0-d282c1ccc80d,0ed3c6ae-9a69-4458-aac5-b6c3342c8954,7000,12,1000,2,2,2025-07-11T13:58:01.309Z,False,8000,7000,True,SELLABLESKU,False,Cold Drinks & Juices,Soda & Mixers,MILLILITRE,2800,MILLILITRE,6400,0df54b3f-11f6-4ada-b38a-9be38ea25eba,5620d543-1717-4ba0-913a-e16724976e02,3 Sisters Imli Chaska Soda,3 Sisters,India,Adhar Beverages Private Limited,,,41e3069d-f14f-4da7-ba6b-123201c6f29a,8000,250.0,,MILLILITRE,270,6,18 months,,2,False,False,4.4,354,TIER_2,1000.0,,
14/07/25 14:17:22,93bfa381-8f8e-55a7-8972-1c88e262ec68,93bfa381-8f8e-55a7-8972-1c88e262ec68,0ed3c6ae-9a69-4458-aac5-b6c3342c8954,24500,23,7500,2,2,2025-07-12T01:31:37.006Z,False,32000,24500,True,SELLABLESKU,False,Cold Drinks & Juices,Instant Drink Mixes,GRAM,3200,GRAM,22900,4d088b94-ba43-4bf0-a881-a573862aa0a1,81b70af5-f11f-4444-bf08-9e535b877e08,Rasna Mango Instant Powder Mix,Rasna,India,Rasna Private Limited,,,3b09e1da-6ac6-48dd-b644-16de94da1c6a,32000,750.0,750 g,GRAM,750,6,24 months,,2,True,False,5.0,58,TIER_2,7500.0,,
14/07/25 14:17:22,ae379082-53cd-4e6c-88bd-022a45c8f930,ae379082-53cd-4e6c-88bd-022a45c8f930,0ed3c6ae-9a69-4458-aac5-b6c3342c8954,27400,7,2100,2,2,2025-07-10T23:30:09.621Z,False,29500,27400,True,SELLABLESKU,False,Cold Drinks & Juices,Non-Alcoholic & Energy Drink,PIECE,1370,PIECE,27400,c6bba2b2-6b2d-4bd4-ae3d-adb6f9383393,e18255d2-bc1e-46a6-a455-2d449f24cb10,Fast&Up Reload Energy Drink Low Sugar Electrolyte - Mojito Flavour,Fast&up,India,Fast&Up,,,24664565-a53a-4c06-b3ec-b41fb8b64639,29500,20.0,1 pack (20 pcs),PIECE,20,6,24 months,,2,True,False,4.2,843,TIER_2,2100.0,,
14/07/25 14:17:22,c77ad7bf-a35e-401c-932f-a1e445dd1650,c77ad7bf-a35e-401c-932f-a1e445dd1650,0ed3c6ae-9a69-4458-aac5-b6c3342c8954,7500,0,0,5,5,2025-07-13T06:50:33.690Z,False,7500,7500,True,SELLABLESKU,False,Cold Drinks & Juices,Fruit Juices & Drinks,MILLILITRE,600,MILLILITRE,6100,c41e2ad3-2dcc-42b6-829b-7e3a8e78d754,68b3332c-42b0-4999-ae8e-df77ecadc12e,Frooti Mango Fruit Juice,Frooti,India,Parle Agro,,"Water, Mango Pulp, Sugar, Acidity Regulator (330), Antioxidant (300). Contains Permitted (Class Ii) Preservatives (211.202.224). Contains Added Permitted Synthetic Food Colour (110) And Nature Identical Flavouring Substances (Mango).",73a33d8f-45f6-4a11-82ca-f5880412bf91,7500,1200.0,1.2 L,MILLILITRE,1200,24,179 days,per 100 ml of productEnergy (kcal) - 65Carbohydrates (g) - 16.2�Natural Sugar (g) - 2.5Added sugar (g) - 13.3Fat (g) - 0Protein (g) - 0Calcium (mg) - 8Vit A (mcg) - 120,5,False,False,4.7,6680,,,,
14/07/25 14:17:22,9fda4159-34dc-5a98-bb7f-47181baeae55,9fda4159-34dc-5a98-bb7f-47181baeae55,0ed3c6ae-9a69-4458-aac5-b6c3342c8954,4500,0,0,1,1,2025-07-12T16:20:15.607Z,False,4500,4500,True,SELLABLESKU,False,Cold Drinks & Juices,Soda & Mixers,MILLILITRE,1800,MILLILITRE,4200,0df54b3f-11f6-4ada-b38a-9be38ea25eba,82f1b820-933f-4be1-9924-851b073f0722,Bombay 99 Club Soda,Bombay 99,India,Parle Agro Pvt Ltd,"Parle Agro Pvt Ltd, Plot No. 32-42, Adakanhalli Industrial Area, Nanjangud Taluk, Mysore -571302' Country of origin",Purified Water & Carbon dioxide.,4ea99e0c-280d-4933-bafb-c7cabbc5df5a,4500,250.0,250 ml,MILLILITRE,250,16,12 months,,1,False,False,3.9,88,,,,
14/07/25 14:17:22,6b037605-e246-4cb2-b996-1a421527a542,6b037605-e246-4cb2-b996-1a421527a542,0ed3c6ae-9a69-4458-aac5-b6c3342c8954,9200,7,700,4,4,2025-07-12T23:46:11.756Z,False,9900,9200,True,SELLABLESKU,False,Cold Drinks & Juices,Non-Alcoholic & Energy Drink,MILLILITRE,2700,MILLILITRE,8500,c6bba2b2-6b2d-4bd4-ae3d-adb6f9383393,dc293798-dcd4-40fc-b123-6e9436b9890d,Coolberg Strawberry Non Alcoholic Beer,Coolberg,India,Coolberg Beverages Pvt Ltd,"Universal Business Park, 406, A-Wing, Off, Saki Vihar Rd, Chandivali, Mumbai, Maharashtra 400072.","Carbonated Water, Sugar, Apple Juice Concentrate (1.40%), Barley Malt, Acidulant (INS 330), Herbs, Permitted Class II Preservatives (INS 211), Acidity Regulator (INS 331), Contains Permitted Natural Food Colour (INS 150d) And Added flavours (Natural, Nature Identical And Artificial Flavouring Substances- Strawberry)",6c088207-64aa-4078-bf87-2c3c7efeda9a,9900,330.0,330 ml,MILLILITRE,330,12,12 months,Energy- 49.33 KcalProtein- 0.64 gCarbohydrates- 11.67 gSugar- 11.11 gFat- 0.01 g,4,False,False,4.7,836,TIER_2,700.0,,
14/07/25 14:17:22,295027cd-d4ed-57e7-987a-0c662831fb7b,295027cd-d4ed-57e7-987a-0c662831fb7b,0ed3c6ae-9a69-4458-aac5-b6c3342c8954,24500,23,7500,2,2,2025-06-15T10:03:34.156Z,False,32000,24500,True,SELLABLESKU,False,Cold Drinks & Juices,Instant Drink Mixes,GRAM,3200,GRAM,22900,4d088b94-ba43-4bf0-a881-a573862aa0a1,f6f74925-3b12-4bb7-a14c-57b8e0010da3,Rasna Lemon Instant Powder Mix,Rasna,India,Rasna Private Limited,,,14ef2002-e96a-4f46-ac64-31548d47a464,32000,750.0,,GRAM,750,6,24 months,,2,True,False,4.5,807,TIER_2,7500.0,,
14/07/25 14:17:22,23246ad6-cb0a-4278-9518-abd9c4d066bd,23246ad6-cb0a-4278-9518-abd9c4d066bd,0ed3c6ae-9a69-4458-aac5-b6c3342c8954,3400,15,600,4,4,2025-07-13T15:49:36.755Z,False,4000,3400,True,SELLABLESKU,False,Cold Drinks & Juices,Milk Drinks,MILLILITRE,1800,MILLILITRE,3000,c5638eba-30c0-4a40-8c63-c9947fd22c16,44c753c3-6c26-4223-a039-c94e6c99aa1c,Hershey's Chocolate Milkshake,Hershey's,USA,The Hershey's Company,"Hershey India Pvt Ltd, Plot, No 5, New Industrial Area No. 1, Mandideep Dist, Raisen - 462046, Madhya Pradesh.",,88e09c4d-9227-43b4-81bf-6299d92a654a,4000,180.0,180 ml,MILLILITRE,180,12,9 months,,4,False,False,4.6,2160,TIER_2,600.0,,
14/07/25 14:17:22,ebe2d7ce-7c66-4307-8974-e5d16c915787,ebe2d7ce-7c66-4307-8974-e5d16c915787,0ed3c6ae-9a69-4458-aac5-b6c3342c8954,2200,12,300,8,8,2025-07-13T09:33:20.601Z,False,2500,2200,True,SELLABLESKU,False,Cold Drinks & Juices,Soft Drinks,MILLILITRE,600,MILLILITRE,2200,dff3658b-c351-4e7f-8196-e98d0c66d99e,a6ee8bfd-8f4d-42dd-9b53-5c66cd9b71ce,7UP Nimbooz Soft Drink,7UP Nimbooz,India,Varun Beverages Limited,"Varun Beverages Limited, Plot No. 31, Institutional Area, Sector - 44, Gurgaon - 122002, Haryana, India.","Water, Sugar, Concentrated Lemon Juice (0.7%), Acidity Regulators (331(Iii), 296, 330), Flavour (Natural Flavouring Substances), Iodised Salt, Stabilizer (445(Iii)), Preservative (202). Equivalent To 5% Lemon Juice (Reconstituted)""",5958fc48-7c79-46e4-a5f0-b752158eacab,2500,350.0,350 ml,MILLILITRE,250,8,120 days,"Serve Size: 200 ml; 1.8 servings in this pack 
  Per 100 ml % RDA Per Serve
 Energy 42 kcal 4%
 Protein 0 g 
 Carbohydrate 10.6 g 
 Total Sugars  10.6 g 
 Added Sugars  10.5 g 42%
Total Fat 0 g 0%
 Saturated Fat  0 g 0%
Trans Fat  0 g 0%
Sodium  65 mg 7%
^Approximate Values""",8,False,False,4.7,7831,TIER_2,300.0,,
14/07/25 14:17:22,c93d8c2c-2036-4756-85c2-7a22e6ac1527,c93d8c2c-2036-4756-85c2-7a22e6ac1527,0ed3c6ae-9a69-4458-aac5-b6c3342c8954,27600,8,2400,2,2,2025-07-07T12:11:02.583Z,False,30000,27600,True,SELLABLESKU,False,Cold Drinks & Juices,Vegan Drinks,LITER,2760,LITER,26200,dcfd1067-a597-4ef0-81d6-9a3d1b9a2891,ac931d8e-612a-425b-9cb4-7efea478e971,So Good Regular Oat Milk,So Good,India,LHF,,,cedaec19-a71a-4fd7-8a34-8af2e85591f6,30000,1.0,1 L,LITER,1,12,12 months,,2,True,False,4.4,71,TIER_2,2400.0,,
14/07/25 14:17:22,a670315b-39d8-409b-b0ef-5fc3a5adfda1,a670315b-39d8-409b-b0ef-5fc3a5adfda1,0ed3c6ae-9a69-4458-aac5-b6c3342c8954,9200,7,700,3,3,2025-07-07T00:26:59.312Z,False,9900,9200,True,SELLABLESKU,False,Cold Drinks & Juices,Non-Alcoholic & Energy Drink,MILLILITRE,2700,MILLILITRE,8500,c6bba2b2-6b2d-4bd4-ae3d-adb6f9383393,38d6bdf6-5984-4a89-9806-3fcaca94bf30,Coolberg Peach Non Alcoholic Beer,Coolberg,India,Coolberg Beverages Pvt Ltd,"Universal Business Park, 406, A-Wing, Off, Saki Vihar Rd, Chandivali, Mumbai, Maharashtra 400072.",,015d8c7b-5906-48fe-b0ee-66a142d22f31,9900,330.0,330 ml,MILLILITRE,330,12,12 months,,3,True,False,4.7,352,TIER_2,700.0,,
14/07/25 14:17:22,21383217-2c62-4d32-9ddf-9b78f7e7714b,21383217-2c62-4d32-9ddf-9b78f7e7714b,0ed3c6ae-9a69-4458-aac5-b6c3342c8954,4000,0,0,23,23,2025-07-14T08:19:33.679Z,False,4000,4000,True,SELLABLESKU,False,Cold Drinks & Juices,Fruit Juices & Drinks,MILLILITRE,600,MILLILITRE,3200,c41e2ad3-2dcc-42b6-829b-7e3a8e78d754,68b3332c-42b0-4999-ae8e-df77ecadc12e,Frooti Mango Fruit Juice,Frooti,India,Parle Agro,,"Water, Mango Pulp, Sugar, Acidity Regulator (330), Antioxidant (300). Contains Permitted (Class Ii) Preservatives (211.202.224). Contains Added Permitted Synthetic Food Colour (110) And Nature Identical Flavouring Substances (Mango).",5d31041f-31fd-47b0-b1a4-cb03a40c30f4,4000,600.0,600 ml,MILLILITRE,600,24,6 months,,23,False,False,4.7,6680,,,,
14/07/25 14:17:22,53ea2bdb-37b7-446c-a6d0-807cd0513751,53ea2bdb-37b7-446c-a6d0-807cd0513751,0ed3c6ae-9a69-4458-aac5-b6c3342c8954,7500,0,0,12,12,2025-07-14T01:27:08.086Z,False,7500,7500,True,SELLABLESKU,False,Cold Drinks & Juices,Water,LITER,150,LITER,7500,b783925b-6b57-4750-99f6-01ea5145ec5e,0d579560-8fd3-4708-88b0-7ef5245ff0c9,Bisleri Packaged Drinking Water,Bisleri,India,BISLERI INTERNATIONAL PVT LTD,"BISLERI INTERNATIONAL PVT LTD, 29/33, UDAYAGIRI VILLAGE, DEVANAHALLI, BANGALORE-562110.",,02301ce1-e2ee-45f5-8761-39dfe0cc68f9,7500,5.0,5 L,LITER,5000,12,6 months,Typical value per 100 ml of product.Potassium (mg) - 0.1Magnesium (mg) - 0.2,12,False,False,4.7,3337,,,,
14/07/25 14:17:22,8c027ead-426f-479e-88b5-00adc84c6899,8c027ead-426f-479e-88b5-00adc84c6899,0ed3c6ae-9a69-4458-aac5-b6c3342c8954,9300,6,600,2,2,2025-07-11T16:02:58.945Z,False,9900,9300,True,SELLABLESKU,False,Cold Drinks & Juices,Non-Alcoholic & Energy Drink,MILLILITRE,2800,MILLILITRE,8600,c6bba2b2-6b2d-4bd4-ae3d-adb6f9383393,a979a8bc-3595-45b4-888c-98052c6bd3c7,3 Sisters Cranberry Non Alcoholic Beer,3 Sisters,India,,,,40b9a67f-05ac-4882-a9f7-74a18d95eb06,9900,330.0,,MILLILITRE,600,6,12 months,,2,False,False,4.4,449,TIER_2,600.0,,
14/07/25 14:17:22,759842ab-2e5e-4eaf-9cd0-414cf5b2f80c,759842ab-2e5e-4eaf-9cd0-414cf5b2f80c,0ed3c6ae-9a69-4458-aac5-b6c3342c8954,27700,14,4800,1,1,2025-07-12T23:21:03.189Z,False,32500,27700,True,SELLABLESKU,False,Cold Drinks & Juices,Vegan Drinks,LITER,2770,LITER,27600,dcfd1067-a597-4ef0-81d6-9a3d1b9a2891,c9938583-baa6-4d52-84cb-382e7f6f9d04,So Good Barista Oat Beverage,So Good,India,LHF,,,33833e18-df7a-46d4-bd41-32abd6a71f16,32500,1.0,1 L,LITER,1000,6,12 months,,1,True,False,4.5,616,TIER_2,4800.0,,
14/07/25 14:17:22,8395089d-9fb6-4444-bd51-216346d42120,8395089d-9fb6-4444-bd51-216346d42120,0ed3c6ae-9a69-4458-aac5-b6c3342c8954,66000,0,0,3,3,2025-07-13T14:03:28.728Z,False,66000,66000,True,SELLABLESKU,False,Cold Drinks & Juices,Soda & Mixers,MILLILITRE,20000,MILLILITRE,47500,0df54b3f-11f6-4ada-b38a-9be38ea25eba,b8cbee0e-6759-48a7-a6b3-f7d84ceb0096,Perrier Natural Sparkling Water,Perrier,France,,,,3ad14843-0d8d-406d-ba61-3f7ddb1af331,66000,330.0,4 x 330 ml,MILLILITRE,1320,6,36 months,,3,True,False,5.0,52,,,,
14/07/25 14:17:22,faf2809d-f71b-5254-8437-d820de96ba40,faf2809d-f71b-5254-8437-d820de96ba40,0ed3c6ae-9a69-4458-aac5-b6c3342c8954,9900,0,0,2,2,2025-07-09T08:16:31.811Z,False,9900,9900,True,SELLABLESKU,False,Cold Drinks & Juices,Instant Drink Mixes,MILLILITRE,3000,MILLILITRE,9400,4d088b94-ba43-4bf0-a881-a573862aa0a1,98cc8680-43a1-47d3-8d58-6f870cf51e88,Mapro Strawberry Fruit Crush,Mapro,India,,,,f5a6598e-7c4d-4b92-bf53-50c611cd05a0,9900,330.0,330 ml,MILLILITRE,330,6,12 months,,2,True,False,4.6,303,,,,
14/07/25 14:17:22,5d32eaf6-64e6-4fa8-8c86-c0a394b574c5,5d32eaf6-64e6-4fa8-8c86-c0a394b574c5,0ed3c6ae-9a69-4458-aac5-b6c3342c8954,3500,12,500,6,6,2025-07-12T11:41:01.902Z,False,4000,3500,True,SELLABLESKU,False,Cold Drinks & Juices,Milk Drinks,MILLILITRE,1900,MILLILITRE,3300,c5638eba-30c0-4a40-8c63-c9947fd22c16,c6e2b7d7-146e-4303-a393-f33aa183bca5,Hershey's Cookies and Cream Milkshake,Hershey's,USA,The Hershey's Company,"Hershey India Private Limited, Plot No. 5, New Industrial Area No. 1, Mandideep, Dist Raisen 462046, MP, India",,92461036-68ef-4af6-ae40-77836b4da717,4000,180.0,180 ml,MILLILITRE,180,12,9 months,,6,False,False,4.4,858,TIER_2,500.0,,
14/07/25 14:17:22,057d52e4-a0a5-48a3-90f4-a8336576a697,057d52e4-a0a5-48a3-90f4-a8336576a697,0ed3c6ae-9a69-4458-aac5-b6c3342c8954,3000,0,0,12,12,2025-07-13T22:37:31.030Z,False,3000,3000,True,SELLABLESKU,False,Cold Drinks & Juices,Water,LITER,150,LITER,3000,b783925b-6b57-4750-99f6-01ea5145ec5e,6399053f-7bde-4fd2-b1f1-76df91853fdd,Bisleri Packaged Drinking Water,Bisleri,India,BISLERI INTERNATIONAL PVT LTD,"BISLERI INTERNATIONAL PVT LTD, 29/33, UDAYAGIRI VILLAGE, DEVANAHALLI, BANGALORE-562110.",,d565b64e-9cc5-4b0d-9189-35129776abdb,3000,2.0,2 l,LITER,2,12,6 months,Typical value per 100 ml of product.Potassium (mg) - 0.1Magnesium (mg) - 0.2,12,False,False,4.8,7137,,,,
14/07/25 14:17:22,acdf8b5b-4762-5b0b-aa16-011660778134,acdf8b5b-4762-5b0b-aa16-011660778134,0ed3c6ae-9a69-4458-aac5-b6c3342c8954,8500,14,1400,3,3,2025-07-12T17:28:33.090Z,False,9900,8500,True,SELLABLESKU,False,Cold Drinks & Juices,Non-Alcoholic & Energy Drink,MILLILITRE,2500,MILLILITRE,8000,c6bba2b2-6b2d-4bd4-ae3d-adb6f9383393,bc433c4c-6468-411a-bfd9-c2146d7993d2,Coolberg Mint Non Alcoholic Beer,Coolberg,India,,,,c73a5c08-03bb-4182-90a3-9b7f098fb130,9900,330.0,330 ml,MILLILITRE,600,6,12 months,,3,False,False,4.7,207,TIER_2,1400.0,,
14/07/25 14:17:22,03a0dbcf-2ab6-4305-84a8-e576c37b8728,03a0dbcf-2ab6-4305-84a8-e576c37b8728,0ed3c6ae-9a69-4458-aac5-b6c3342c8954,27700,14,4800,4,4,2025-07-12T04:35:36.745Z,False,32500,27700,True,SELLABLESKU,False,Cold Drinks & Juices,Vegan Drinks,LITER,2770,LITER,19500,dcfd1067-a597-4ef0-81d6-9a3d1b9a2891,44cae3b5-1e38-4a08-9d13-f39fff737826,Epigamia Almond Milk,Epigamia,India,Drums Food International Pvt Ltd,"Drums Food International Pvt Ltd, The Centrium, Office No 2 ( Unit 302) , Phoenix Marketcity , LBS Marg, Kurla West, Mumbai 400070.",,6312bdca-1472-4df2-ae61-32e235e41ec6,32500,1.0,1 L,LITER,1,12,9 months,,4,True,False,4.7,511,TIER_2,4800.0,,
14/07/25 14:17:22,bf0ab63a-09ae-511f-8747-3eb22a3730fa,bf0ab63a-09ae-511f-8747-3eb22a3730fa,0ed3c6ae-9a69-4458-aac5-b6c3342c8954,19800,0,0,2,2,2025-07-10T18:32:44.110Z,False,19800,19800,True,SELLABLESKU,False,Cold Drinks & Juices,Instant Drink Mixes,MILLILITRE,2600,MILLILITRE,18800,4d088b94-ba43-4bf0-a881-a573862aa0a1,bdeeb136-c44c-4fbb-a48c-713834a5d87b,Mapro Strawberry Fruit Crush,Mapro,India,,,,0a7cadba-08b4-48e5-97f3-1a263b7b34de,19800,750.0,750 ml,MILLILITRE,750,6,12 months,,2,True,False,4.2,593,,,,
14/07/25 14:17:22,e2268e4b-824e-4d9e-bcb7-4e5a59537e70,e2268e4b-824e-4d9e-bcb7-4e5a59537e70,0ed3c6ae-9a69-4458-aac5-b6c3342c8954,3600,10,400,5,5,2025-07-13T12:29:54.632Z,False,4000,3600,True,SELLABLESKU,False,Cold Drinks & Juices,Milk Drinks,MILLILITRE,2000,MILLILITRE,3400,c5638eba-30c0-4a40-8c63-c9947fd22c16,4fd9f646-a508-4343-bb65-6def1bb1a945,Epigamia Chocolate Milkshake,Epigamia,India,Drums Food International Pvt Ltd,"Drums Food International Pvt Ltd, The Centrium, Office No 2 ( Unit 302) , Phoenix Marketcity , LBS Marg, Kurla West, Mumbai 400070.","Fortified Toned Milk (73.4%) [Milk, Milk Solids, Vitamin A&D], Water, Sugar, Milk Solids, Cocoa Powder (115%), Emulsifier & Stabilizer (INS 471, INS 407, INS 412), Acidity Regulator [INS 339 (ii)], Flavour (Nature Identical Flavouring substances), Iodized Salt.",88f70d00-4561-4232-8bc7-e0331d189055,4000,180.0,180 ml,MILLILITRE,180,16,9 months,"Per 100 ml :-Energy 103 Kcal,Protein 3 g,Carbohydrate 15.5 g,Total Sugars 15.5 g,Added Sugars 11 g,Total Fat 3.2 g,Saturated Fat 2 g,Trans Fat 0.1 g,Cholesterol 10.1 mg,Vitamin A 66.9 mcg,VitaminD 0.60 mcg,Calcium 100 mg,Sodium 50 mg.",5,False,False,4.6,1544,TIER_2,400.0,,
14/07/25 14:17:22,10ad5afb-19d5-459a-acac-76d546d95772,10ad5afb-19d5-459a-acac-76d546d95772,0ed3c6ae-9a69-4458-aac5-b6c3342c8954,4000,0,0,2,2,2025-07-13T16:11:45.864Z,False,4000,4000,True,SELLABLESKU,False,Cold Drinks & Juices,Soft Drinks,MILLILITRE,600,MILLILITRE,3800,dff3658b-c351-4e7f-8196-e98d0c66d99e,f5e2a467-d8d2-4b7a-82b8-6169d19f2fb8,Appy Fizz Apple Soft Drink | Pet,Appy,India,Parle Agro Pvt Ltd,"Parle Agro Pvt Ltd, Plot No; 32 to 46 & 54 to 63, Adakanahalli Industrial Area, Nanjangud taluk, Mysore District - 571302.","Water, Reconstituted Apple Juice, Sugar, CO2, Acidity Regulators, Antioxidant.",6a99c24e-d8f2-4f51-8aef-8282ffc69dca,4000,600.0,600 ml,MILLILITRE,600,12,120 days,Typical value per 100 ml of product.Energy (kcal) - 54Carbohydrates (g) - 13.6 -Natural Sugar (g) - 1.3 -Sugar (g) - 12.3Fat (g) - 0Protein (g) - 0,2,False,False,4.7,4085,,,,
14/07/25 14:17:22,6016911d-1a8d-41c0-8b4f-b900e2302bfb,6016911d-1a8d-41c0-8b4f-b900e2302bfb,0ed3c6ae-9a69-4458-aac5-b6c3342c8954,8700,37,5300,1,1,2025-07-07T20:25:45.332Z,False,14000,8700,True,SELLABLESKU,False,Cold Drinks & Juices,Fruit Juices & Drinks,LITER,870,LITER,8300,c41e2ad3-2dcc-42b6-829b-7e3a8e78d754,bc5b9f2e-757d-44ec-8f0d-a85862f9dd80,B Natural Apple Fruit Juice,B Natural,India,ITC Limited,"ITC Limited, 37, J.L. Nehru Road, Kolkata- 700071.","Water, Apple Juice, Concentrate 17.6%",30cb5331-30f9-42f7-8b1d-ce61e01c4369,14000,1.0,1 L,LITER,1000,6,9 months,per 100 ml of product.Energy (kcal) - 54 Protein (g) - 0 Carbohydrates (g) - 13.5 Natural Sugar - 1.5 Added Sugar (g) - 12 Fat (g) - 0 Vit C (mg) - 17,1,False,False,4.4,177,TIER_2,5300.0,,
14/07/25 14:17:22,1c531bf3-6987-5fee-9e16-626c22280284,1c531bf3-6987-5fee-9e16-626c22280284,0ed3c6ae-9a69-4458-aac5-b6c3342c8954,12000,20,3000,2,2,2025-07-11T13:54:33.826Z,False,15000,12000,True,SELLABLESKU,False,Cold Drinks & Juices,Milk Drinks,MILLILITRE,4000,MILLILITRE,11000,c5638eba-30c0-4a40-8c63-c9947fd22c16,ce773cc3-4d44-4f63-8eed-c5eb19679db8,Maiva Pro Coffee 20g Plant Protein 20 Multivitamin Shake,Maiva Fresh,India,Armaara Innoventures Pvt. Ltd.,,,04a5dce2-b983-425c-8383-3d71f92f3763,15000,300.0,,MILLILITRE,300,6,180 days,,2,False,False,4.6,288,TIER_2,3000.0,,
14/07/25 14:17:22,02f72153-1ec1-42c5-b1e2-5f7b885190a6,02f72153-1ec1-42c5-b1e2-5f7b885190a6,0ed3c6ae-9a69-4458-aac5-b6c3342c8954,3500,12,500,2,2,2025-07-11T15:58:05.768Z,False,4000,3500,True,SELLABLESKU,False,Cold Drinks & Juices,Milk Drinks,MILLILITRE,1900,MILLILITRE,3400,c5638eba-30c0-4a40-8c63-c9947fd22c16,f46e60af-448c-42c2-ba27-39429ea64394,Hershey's Vanilla Milkshake,Hershey's,USA,The Hershey's Company,"HERSHEY INDIA PVT. LTD., SCHINDLER HOUSE, HIRANANDANI GARDENS, POWAI, MUMBAI- 400076.","Water, Sugar, Milk Solids (8%), Emulsifier (460(i), 466, 471, 407), Mineral (Calcium Carbonate), Sequestrant (339(ii)), Mineral (Zinc Sulphate), Vitamin E (Acetate), Vitamin A (Acetate), Vitamin D2 (Ergocalciferol), Vitamin B1 (Thiamine Chloride Hydrochloride) and Vitamin B2 (Riboflavin) and Edible Common Salt.",15b5921f-f2b6-49b2-9d5e-ae1a8d22583a,4000,180.0,180 ml,MILLILITRE,180,8,9 months,"Energy 155.6 Kcal,Protein - 3.6g,Carbohydrates -28.54g,Sugar 21,24g,Fat 3g,Calcium - 324mg",2,False,False,4.5,558,TIER_2,500.0,,
14/07/25 14:17:22,6ad4732b-003c-4c46-a902-2db5656f21b4,6ad4732b-003c-4c46-a902-2db5656f21b4,0ed3c6ae-9a69-4458-aac5-b6c3342c8954,9400,5,500,12,12,2025-07-13T06:29:14.771Z,False,9900,9400,True,SELLABLESKU,False,Cold Drinks & Juices,Soft Drinks,LITER,470,LITER,7300,dff3658b-c351-4e7f-8196-e98d0c66d99e,e358d59a-f7dd-4d43-83a8-a48b8ebbafa0,Pepsi Soft Drink,Pepsi,India,Varun Beverages Limited,"Varun Beverages Limited, Plot No. 31, Institutional Area, Sector - 44, Gurgaon - 122002, Haryana, India.",,82675cec-f35e-4f33-86c9-39d6b0b94f39,9900,2.25,2.25 L,LITER,2250,24,120 days,,12,False,False,4.7,10488,TIER_2,500.0,,
14/07/25 14:17:22,05cadf20-eeb6-458d-a7e4-ebc7e35bcc88,05cadf20-eeb6-458d-a7e4-ebc7e35bcc88,0ed3c6ae-9a69-4458-aac5-b6c3342c8954,2000,0,0,24,24,2025-07-13T22:39:51.233Z,False,2000,2000,True,SELLABLESKU,False,Cold Drinks & Juices,Water,LITER,200,LITER,2000,b783925b-6b57-4750-99f6-01ea5145ec5e,6399053f-7bde-4fd2-b1f1-76df91853fdd,Bisleri Packaged Drinking Water,Bisleri,India,BISLERI INTERNATIONAL PVT LTD,"BISLERI INTERNATIONAL PVT LTD, 29/33, UDAYAGIRI VILLAGE, DEVANAHALLI, BANGALORE-562110.",,569a128f-b7e7-419f-9dfd-01909d78c0ea,2000,1.0,1 L,LITER,1000,24,6 months,Typical value per 100 ml of product.Potassium (mg) - 0.1Magnesium (mg) - 0.2,24,False,False,4.8,7137,,,,
14/07/25 14:17:22,7fb0d1cc-4cf5-43cb-92d6-05fbc96d8a6b,7fb0d1cc-4cf5-43cb-92d6-05fbc96d8a6b,0ed3c6ae-9a69-4458-aac5-b6c3342c8954,7700,9,800,12,12,2025-07-13T09:27:57.386Z,False,8500,7700,True,SELLABLESKU,False,Cold Drinks & Juices,Vegan Drinks,MILLILITRE,3800,MILLILITRE,7300,dcfd1067-a597-4ef0-81d6-9a3d1b9a2891,438421fd-75e4-4f17-8bfa-644cead28750,Dabur Hommade Organic Coconut Milk,Dabur Hommade,India,Dabur India Limited,"Dabur India Limited, Plot No-22, Site 4, Sahibabad, Sahibabad Industrial Area, Sahibabad Industrial Area, Ghaziabad, Uttar Pradesh.",,9687009f-7d47-4cd0-8b2e-6512e9730427,8500,200.0,200 ml,MILLILITRE,200,12,9 months,,12,False,False,4.7,625,TIER_2,800.0,,
14/07/25 14:17:22,8f728ced-5283-4d01-a349-663187cfa165,8f728ced-5283-4d01-a349-663187cfa165,0ed3c6ae-9a69-4458-aac5-b6c3342c8954,3500,12,500,2,2,2025-07-09T09:49:50.616Z,False,4000,3500,True,SELLABLESKU,False,Cold Drinks & Juices,Milk Drinks,MILLILITRE,1900,MILLILITRE,3300,c5638eba-30c0-4a40-8c63-c9947fd22c16,6a77a4b6-b891-48f1-9c3c-06d9fcff50a1,Hershey's Milkshake Cashew Butterscotch Ice Cream Flavor,Hershey's,India,?Makson Pharmaceutical (I) Pvt. Ltd.,,,9bf072a0-b990-467c-9c2b-90a2c74d40a7,4000,180.0,180 ml,MILLILITRE,180,6,9 months,,2,False,False,4.5,618,TIER_2,500.0,,
14/07/25 14:17:22,fa172295-b259-4fdc-9852-0938e7f2008c,fa172295-b259-4fdc-9852-0938e7f2008c,0ed3c6ae-9a69-4458-aac5-b6c3342c8954,3600,10,400,2,2,2025-07-07T23:57:42.652Z,False,4000,3600,True,SELLABLESKU,False,Cold Drinks & Juices,Milk Drinks,MILLILITRE,2000,MILLILITRE,3400,c5638eba-30c0-4a40-8c63-c9947fd22c16,88f320d1-761a-4b0e-be92-61e9733b41d5,Hershey's Coffee Mocha Flavoured Milkshake,Hershey's,India,?Makson Pharmaceutical (I) Pvt. Ltd.,,,b4d48bc1-1760-44de-afa9-402cad1ceb25,4000,180.0,180 ml ,MILLILITRE,180,6,9 months,,2,False,False,4.4,272,TIER_2,400.0,,
